3184 5222
151 686 316 750 locutione
335 691 369 750 et
385 683 467 764 aliis,
492 686 611 770 quibus
627 685 753 771 ligatur
773 687 979 771 participans
1003 673 1343 752 excommunicatione

152 791 285 870 minori,
316 799 387 850 oete
408 767 602 850 monitionem
626 794 804 850 cononicam
829 792 1115 857 excommunicare
1138 790 1258 874 majori
1280 809 1344 854 ex-

153 876 445 956 communicatione
465 899 675 976 praesumat:
698 891 800 956 salvis
825 893 1114 958 constitutionibus
1136 899 1253 956 contra
1267 891 1342 958 illos

152 994 297 1077 legitime
320 995 558 1079 promulgatis,
590 997 647 1079 qui
676 997 867 1058 incrimine
897 998 1113 1080 praesumunt
1139 999 1344 1082 participare

152 1097 316 1161 damnato.
355 1097 483 1175 Quodsi
506 1120 554 1163 ex·
572 1099 740 1163 locutione
764 1106 798 1162 et
821 1099 893 1163 aliis
916 1099 1037 1183 quibus
1060 1102 1267 1188 participans
1290 1099 1344 1162 la-

151 1199 238 1264 bitur
260 1203 295 1263 in
317 1203 486 1286 minorem,
510 1205 815 1266 excommunicatus
837 1203 959 1266 fortius
981 1202 1190 1267 indurescat:
1218 1205 1344 1287 poterit

148 1303 253 1386 judex
274 1315 341 1382 post
363 1311 556 1366 circuitionem
579 1311 760 1372 eanonicam
783 1305 971 1390 hujusmodi
994 1308 1237 1390 participantes
1256 1326 1344 1369 con-

151 1405 247 1469 simili
278 1408 435 1472 damnare
467 1429 616 1472 censura.
660 1409 770 1473 Aliter
802 1416 915 1494 autern
942 1411 975 1470 in
1005 1411 1248 1493 participantes
1280 1430 1344 1474 ex·
1401 1479 1402 1482 Ἴ

152 1513 402 1574 communicatio
424 1512 558 1595 prolata
580 1533 645 1576 non
667 1519 796 1576 teneat:
827 1519 860 1576 et
889 1511 1101 1597 proferentes
1128 1531 1270 1596 poenam
1292 1511 1344 1576 le-

154 1615 302 1696 gitimam
326 1619 485 1698 poterunt
507 1613 719 1678 formidare.“
765 1614 855 1678 Ecce
879 1615 1026 1678 salutare
1048 1623 1263 1701 praeceptum
1286 1635 1345 1680 sa-

151 1716 472 1801 pientissimumque,
504 1721 659 1802 quoniam
683 1739 815 1803 semper
837 1719 1007 1782 faciliores
1031 1726 1128 1782 erunt
1147 1719 1277 1802 judices
1301 1718 1345 1782 ad

152 1806 485 1884 excommunicandos
509 1841 578 1902 eos,
601 1824 658 1905 qui
681 1843 755 1884 eum
771 1823 1065 1886 excommunicatis
1089 1841 1108 1884 a
1132 1841 1179 1906 se,
1202 1841 1344 1908 versen-

151 1928 213 2006 tur,
238 1944 338 2008 quam
361 1925 404 1987 ad
424 1926 608 2009 puniendos
633 1947 701 2005 eoa,
729 1929 785 2009 qui
809 1947 923 1988 eorum
947 1927 1172 1990 communione
1195 1931 1344 2006 utuntur,

152 2028 207 2110 qui
231 2026 273 2089 ab
297 2026 370 2090 aliis
387 2031 663 2091 excommunicati
684 2027 777 2092 sunt!
809 2027 1013 2114 Saepissime
1032 2030 1118 2092 enim
1140 2029 1189 2110 fit,
1211 2034 1248 2092 ut
1270 2027 1344 2092 lae-

142 2109 239 2192 ‘tetur
261 2127 463 2214 Episcopus,
487 2131 575 2214 quod
598 2151 758 2196 censurae
780 2134 879 2196 vicini
901 2130 1080 2215 Episcopi,
1102 2132 1226 2194 inimici
1247 2131 1344 2195 vide-

150 2231 237 2315 licet,
259 2230 384 2296 nullum
407 2233 532 2306 habent
555 2235 726 2316 effectump
744 2237 1088 2319 excommunicatique
1104 2255 1123 2296 a
1138 2233 1238 2319 plebe
1257 2233 1344 2298 stul-

150 2339 278 2400 tissima
309 2345 342 2401 et
364 2337 671 2402 inobedientissime
701 2335 778 2422 (sio)
802 2340 900 2422 quasi
932 2345 1097 2421 martyres
1121 2336 1285 2402 habentur
1310 2343 1345 2401 et

151 2439 311 2517 coluntur.
358 2440 573 2525 Quapropter
604 2462 677 2504 oum
707 2443 879 2526 praedicto
909 2444 942 2504 in
972 2462 1053 2506 casu
1078 2439 1185 2524 ‘judex
1214 2441 1344 2525 absque

151 2545 330 2609 monitione
352 2547 627 2628 excommunicet,
650 2548 815 2610 sententia
837 2566 977 2631 prorsus
999 2543 1090 2609 nulla
1113 2542 1217 2626 catii)
1264 2585 1265 2588 =

236 2751 279 2816 ΙΙ.
323 2751 484 2817 Attamen
506 2773 573 2817 una
596 2753 715 2818 saltem
742 2755 877 2846 monitio
902 2753 964 2837 „de
991 2751 1158 2818 essentia“
1181 2770 1344 2817 censurae

150 2855 281 2918 videtur
312 2876 404 2933 esse,
440 2859 487 2918 ita
517 2863 554 2919 ut
585 2860 751 2920 sententia
780 2857 908 2941 absque
922 2841 1026 2920 'omni
1055 2859 1233 2921 monitione
1262 2854 1342 2939 lata,
1429 2881 1434 2888 ·

151 2957 249 3042 plane
271 2958 361 3022 nulla
384 2961 427 3022 sit
449 2959 612 3024 habenda.
658 2959 756 3037 Quod
786 2961 829 3036 ad
857 2961 966 3024 forum
989 2966 1165 3025 externum
1187 2967 1343 3045 spectare

149 3082 216 3124 non
247 3064 516 3138 existimaverim.
561 3062 736 3128 Sententia
766 3067 851 3128 enim
887 3064 1017 3148 absque
1045 3067 1131 3128 omni
1164 3065 1342 3128 monitione

149 3163 237 3246 lata,
267 3173 378 3228 tamen
407 3167 441 3228 in
463 3167 537 3230 foro
562 3175 702 3232 externo
724 3169 792 3230 vim
815 3166 982 3251 quandam
1006 3153 1160 3249 emercet3
1189 3169 1268 3251 quia
1289 3169 1342 3228 in-

147 3268 239 3352 juste
262 3275 295 3332 et
317 3269 404 3332 male
426 3273 561 3353 punitus
584 3274 715 3334 minime
742 3274 840 3355 quasi
868 3292 934 3336 non
956 3273 1105 3356 punitum
1128 3291 1204 3334 sese
1227 3275 1342 3335 osten-

150 3371 229 3434 dere
252 3375 518 3458 sententiamque
539 3373 700 3438 lascivum
729 3377 762 3438 in
784 3375 917 3438 modum
946 3394 1105 3459 spernere
1134 3372 1251 3456 debet,
1282 3371 1343 3438 sed

150 3475 347 3560 obsequium
371 3484 404 3540 et
432 3481 653 3542 reverentiam
681 3485 798 3544 contra
826 3479 1001 3544 ecclesiam
1030 3478 1178 3564 parendo
1201 3476 1256 3540 vel
1277 3477 1341 3540 ini-

151 3582 225 3662 quis
249 3579 413 3666 nullisque
437 3581 508 3665 ejus
532 3584 704 3647 sententiis
729 3565 972 3647 demonstrabit
980 3605 989 3664 3
1019 3603 1092 3644 eum
1114 3587 1251 3666 praesto
1275 3580 1342 3644 sint

147 3683 231 3766 juris
262 3685 408 3749 remedia
426 3708 458 3749 v.
480 3708 511 3769 g.
536 3689 702 3770 oppositio
732 3685 892 3749 nullitatis
923 3683 1181 3768 sententiaeet)
1226 3681 1341 3748 Judex

149 3795 262 3852 autem
285 3792 356 3852 sive
379 3790 536 3873 injustam
559 3792 629 3869 sive
659 3789 781 3852 nullam
804 3790 1003 3854 sententiam
1026 3788 1154 3873 absque
1176 3788 1264 3852 trina
1285 3785 1342 3852 vel

149 3891 279 3976 absque
302 3895 389 3957 omni
405 3895 582 3957 monitione
597 3891 721 3977 tulerit,
744 3913 809 3956 non
823 3890 930 3956 solum
947 3891 988 3955 ab
1007 3893 1161 3975 ingressu
1178 3889 1340 3956 ecelesiae

146 3998 223 4080 ipso
242 3997 319 4080 jure
342 4017 523 4082 suspensus
547 3997 710 4080 manebit,
734 3998 989 4086 verumetiam,
1013 3997 1041 4058 si
1063 4014 1118 4059 res
1141 3995 1176 4058 id
1198 4012 1339 4079 poscere
1379 4001 1382 4007 '
1446 4002 1449 4008 '

148 4099 319 4185 videatur,
341 4103 479 4184 insignis
502 4101 702 4186 injustitiae,
729 4103 891 4193 nimirum,
915 4099 1120 4166 coercendae
1140 4118 1258 4183 causa,
1282 4118 1339 4164 ar-

219 4319 247 4398 *J
265 4325 397 4397 Suarez,
416 4327 433 4382 l.
447 4347 480 4382 a:
502 4327 587 4395 „Ratio
602 4329 644 4394 eet,
663 4335 692 4382 nt
707 4335 854 4382 coerceretur
866 4325 978 4394 imiliter,
993 4326 1033 4381 vel
1047 4323 1126 4381 nimis
1139 4327 1246 4392 lieentia,
1264 4337 1339 4391 quam

145 4420 174 4470 ln
193 4419 239 4469 heo
254 4420 352 4482 judices
369 4432 465 4475 tumere
482 4424 594 4484 pessunt,
613 4433 670 4471 oum
687 4432 778 4481 magno
796 4420 893 4470 animae
910 4416 1045 4482 periculo.“

206 4537 248 4611 *ij
265 4542 505 4606 Reittenstuel,
524 4542 571 4594 Jua
589 4542 649 4596 Ocu.
669 4543 702 4594 11.
726 4543 766 4596 tit.
784 4542 899 4596 xxviii.
921 4555 950 4598 n.
967 4543 1009 4596 er.
1111 4621 1132 4692 3
