3184 5222
721 421 762 490 31

147 579 257 695 Quam
276 613 512 686 solennitatem
537 621 658 698 postea
680 617 889 698 antiquatam
912 633 987 678 esse
1010 633 1076 676 van
1097 609 1264 697 Espenius
1285 609 1340 676 di-

148 717 246 803 eit,*)
276 726 346 782 tum
378 719 457 802 quia
485 717 709 782 admonitione
733 719 922 801 inscriptis
945 715 1037 779 facta
1061 714 1126 778 alic
1148 717 1338 779 testimonio

145 843 232 908 opus
254 844 320 887 non
342 827 426 903 crat,
448 828 519 884 turn
534 823 612 906 quia
633 819 809 883 latioribus
832 821 1032 904 praesertim
1053 818 1260 902 temporibus
1276 817 1338 880 ad*
1412 889 1418 898 ,

147 927 283 989 monitio
311 945 372 1010 per
403 924 545 987 edictum
576 945 641 986 una
670 943 744 986 cum
776 925 933 986 citatione
963 923 1035 986 fieri
1066 924 1186 1007 eoepit.
1232 919 1340 997 Quid-v

147 1027 253 1092 vero?
280 1027 343 1091 has
367 1048 480 1090 omnes
501 1025 720 1090 solennitates
744 1026 787 1088 ad
809 1025 951 1088 formam
972 1025 1159 1089 monitionis
1181 1044 1341 1088 necessa-

147 1133 234 1206 rias,
266 1129 322 1195 vel
349 1151 448 1197 uuam
477 1129 704 1198 tantummodo
735 1150 849 1192 earum
875 1129 981 1212 judex
1019 1149 1092 1194 cum
1127 1126 1340 1212 neglexerit?

148 1233 307 1300 Profecto
336 1233 380 1298 ab
411 1235 566 1316 ingressu
588 1231 764 1298 Ecclesiae
795 1239 828 1294 et
855 1232 975 1296 divinis
1007 1229 1134 1296 Officiis
1161 1231 1237 1314 ipso
1264 1230 1340 1313 jure

148 1355 210 1422 per
233 1333 380 1404 mensem
403 1335 627 1420 suspenditur,
656 1341 689 1398 et
711 1336 740 1398 si
760 1333 818 1405 illo
839 1340 991 1419 ternpore
1013 1333 1144 1404 Divinis
1168 1353 1204 1400 ae
1226 1335 1341 1416 inges—

149 1443 248 1524 serit,
278 1439 475 1525 irregularis
503 1435 773 1531 fieri-debetii)
814 1438 938 1523 Itaque
959 1436 1078 1509 cadem
1100 1457 1209 1522 poena
1230 1443 1341 1506 manet

147 1562 234 1626 eum,
258 1545 314 1628 qui
336 1563 435 1608 unam
457 1541 686 1610 tantummodo
709 1541 943 1612 solennitatem
968 1543 1002 1610 iu
1024 1541 1132 1612 forma
1154 1541 1341 1609 monitionis

147 1647 349 1716 servandam
365 1648 508 1728 omittat,
531 1666 619 1730 quae
634 1665 720 1726 auur,
742 1646 801 1729 qui
813 1645 1070 1714 admonitionem
1085 1664 1223 1729 prorsus
1240 1663 1342 1736 prae*

148 1751 341 1820 terminarit.
384 1749 438 1822 Do
461 1769 528 1834 qua
549 1768 588 1820 re
609 1768 697 1816 mmo
718 1745 820 1816 latius
842 1747 1017 1832 fusiusque
1039 1746 1267 1816 tractabimus.

1265 1877 1301 1934 ὓ

697 2250 699 2254 ,
718 2155 781 2250 Vl.

195 2357 322 2441 Utrum
352 2383 503 2442 censura
534 2363 578 2440 sit
608 2359 721 2442 valida
753 2362 945 2441 monitione
975 2384 1047 2443 noo
1077 2355 1301 2466 praemissa?

238 2591 406 2677 Principio
434 2591 553 2676 igitur,
585 2612 659 2656 cum
687 2591 731 2656 de
753 2594 925 2658 sanctione
954 2593 1186 2662 admonitionis
1210 2603 1356 2684 agatur,

150 2696 238 2759 inter
260 2696 472 2758 monitionem
495 2698 688 2758 canonicam
710 2697 781 2760 sive
804 2699 925 2760 trinam
946 2704 982 2760 et
1004 2699 1093 2762 inter
1108 2703 1345 2784 peremtoricm

150 2796 233 2862 illud
255 2818 329 2882 cap.
352 2801 381 2862 9.
404 2799 459 2860 cit.
492 2797 531 2861 In
553 2797 611 2862 VI.
635 2798 906 2884 distinguendum
929 2803 1002 2864 erit

238 2899 263 2965 Ι.
306 2899 440 2966 ldtenim
468 2904 627 2966 canonica
656 2905 836 2967 monitione
858 2924 924 2966 non
951 2906 1154 2988 praemissa,
1183 2921 1344 2979 censurae

150 3007 335 3082 sententia,
368 3006 523 3090 quamvis
552 3005 694 3090 injusta,
731 3005 940 3071 nihilominus
973 3007 1038 3071 erit
1066 3007 1187 3078 valida.
1230 3007 1346 3074 dudan

151 3106 301 3171 fortasse
323 3113 393 3170 tum
415 3110 581 3193 punietur,
604 3112 662 3194 qui
684 3111 782 3173 nimio
803 3108 914 3174 studio
937 3117 1108 3195 permotus
1131 3114 1251 3175 trinam
1272 3133 1347 3176 mo-

151 3211 311 3274 nitionem
322 3211 522 3295 neglexerit,
535 3231 677 3276 censura
689 3220 799 3278 tamen
818 3215 889 3277 sine
903 3213 1003 3278 dubio
1016 3235 1091 3281 reus
1104 3213 1346 3300 irretitnrffl)

152 3311 240 3377 Nam
263 3335 336 3377 cum
358 3321 475 3399 pateat
499 3335 542 3379 ex
565 3315 677 3380 verbis
702 3315 783 3403 Cap.
803 3317 855 3380 48.
878 3315 926 3380 Χ.
948 3315 1001 3381 De
1024 3324 1108 3381 sent.
1122 3339 1211 3383 exe:
1236 3317 1347 3404 „quod

151 3417 183 3482 ei
196 3423 315 3486 contra
329 3421 626 3508 praesumpserint,
650 3422 781 3486 etiamsi
804 3417 918 3503 (alias)
938 3421 1032 3505 jueta
1046 3421 1148 3490 fuerit
1166 3413 1347 3504 sententia,

122 3529 124 3535 ’
152 3520 341 3605 ingressum
356 3520 520 3592 ecclesiae
533 3543 595 3608 per
610 3543 710 3592 unum
725 3544 872 3591 mensem
887 3527 1041 3592 noverint
1059 3525 1123 3592 sibi
1146 3546 1220 3594 esse
1241 3527 1348 3594 inter-

153 3621 298 3689 dictum“
323 3625 524 3691 sententiam
544 3625 675 3710 ,absque
697 3629 899 3712 competenti
922 3629 1100 3698 monitione
1121 3627 1224 3692 latam
1241 3629 1349 3713 injus-

153 3733 224 3791 tam
247 3733 376 3793 tantum
404 3747 498 3810 ease,
528 3729 745 3814 ponderanda
774 3750 850 3794 esse
879 3732 912 3796 in
936 3729 1020 3816 Cap.
1044 3734 1073 3796 9.
1095 3731 1148 3802 De
1170 3738 1253 3802 sent.
1277 3751 1349 3798 exc.

153 3826 193 3896 In
215 3827 273 3898 VL
293 3830 414 3896 verba:
446 3833 496 3914 ,si
516 3833 588 3898 nine
611 3835 792 3902 monitione
813 3833 1029 3922 promulgare
1049 3837 1347 3922 praesumpserint,

153 3935 283 4010 injustas
312 3937 495 4000 sententias
526 3933 622 4002 esse“
653 3934 768 4021 glossa
800 3934 935 4020 diciti)
981 3934 1080 4003 Cavit
1105 3938 1259 4024 proiecto
1289 3937 1348 4004 In-

225 4116 252 4191 ⁶)
271 4124 401 4178 i'rrotstur
419 4125 450 4178 dc
467 4126 592 4192 courum
611 4127 672 4192 (inp.
692 4127 737 4180 111.
754 4129 777 4190 fi.
795 4133 820 4182 8.

210 4203 255 4280 *ἢ
273 4215 327 4266 Nini
344 4215 420 4266 luerit
437 4215 584 4277 Episcopus.
619 4215 927 4280 Sohmalzgrucber‚
945 4216 974 4270 L.
991 4230 1013 4269 e.
1032 4217 1148 4270 0.r.1n
1166 4215 1211 4272 VI.
1229 4215 1267 4268 De
1278 4215 1348 4273 dent.

158 4310 254 4352 excom.

194 4381 255 4452 m)
273 4385 572 4448 Schmalzgruabar,
591 4387 620 4437 V.
640 4387 680 4437 tit.
698 4383 816 4439 XXXIX.
833 4400 859 4441 ra
878 4390 920 4441 27.

224 4469 254 4538 ¹5)
273 4473 387 4526 olom
405 4474 436 4524 ad
455 4473 481 4526 O.
501 4476 524 4523 9.
543 4473 598 4524 cit-n
617 4473 734 4539 Injum,
750 4474 842 4538 inquit,
859 4487 911 4524 non
926 4474 1020 4530 nntius.
