3184 5222
719 411 758 483 15

144 609 255 672 eutem
277 605 461 672 9999999199
483 608 588 693 ipsius
606 606 750 692 judicis,
782 608 838 692 qui
862 608 1038 672 censuram
1059 607 1189 675 laturus
1211 615 1280 695 est,
1303 611 1338 676 et

144 710 402 800 admonitionem
424 711 498 774 fieri
516 710 650 788 debere,
675 714 749 796 quis
767 717 828 794 est,
853 713 933 800 quin
947 712 1086 777 videat?
1116 711 1248 779 Etenim
1264 734 1337 778 ma-
1355 739 1358 744 ·

143 814 267 878 9119999
289 813 368 878 telis
388 833 463 879 esse
482 812 587 878 debet
607 814 797 898 admonitio,
821 823 859 878 ut
881 817 999 900 siquis
1022 837 1087 880 non
1100 823 1232 901 pareat,
1256 837 1338 882 con-

144 924 261 981 tumax
284 923 320 980 et
340 916 536 982 inobediens
560 920 703 1001 existat3
735 917 826 1003 quod
849 937 925 984 esse
947 939 1013 987 non
1029 927 1166 1006 potest,
1189 923 1252 984 nisi
1274 920 1338 984 sd-

145 1019 282 1085 monitio
303 1022 507 1086 auctoritate
529 1023 711 1106 superioris
725 1019 826 1084 ‘iacta
849 1020 946 1107 sitii)

76 1138 80 1142 ’
121 1179 123 1182 -
229 1142 392 1206 Profecto
412 1144 523 1206 citatis
536 1139 592 1226 lq²)
611 1162 655 1206 ex
670 1143 793 1226 vorbis,
817 1140 988 1206 Christum
998 1145 1055 1228 jus
1071 1165 1091 1206 a
1111 1146 1337 1240 qomnmnione

147 1245 350 1332 segregandi
372 1244 548 1331 Apostolis
572 1267 613 1310 ea
633 1246 710 1331 lege
733 1245 868 1310 dedisse
891 1254 1051 1331 apparet,
1081 1255 1119 1310 ut
1145 1241 1242 1333 quasi
1264 1252 1338 1314 vice

144 1352 248 1414 totins
266 1349 517 1414 ecclesiasticae
532 1352 768 1414 communionis
792 1371 831 1414 eo
847 1351 1075 1434 fungerentur.
1113 1349 1336 1437 Sequentibns

145 1452 222 1515 hinc
245 1451 366 1518 seculis
390 1455 557 1517 antistites
580 1456 795 1539 episcopique
817 1453 891 1517 loco
907 1457 1153 1537 communionis,
1177 1457 1243 1518 9199
1259 1473 1338 1520 een-

142 1575 297 1621 surarnm
329 1556 585 1641 infligendamm
620 1557 800 1621 secundum
833 1563 1078 1622 sacramentum
1111 1553 1337 1643 poenitentiae

147 1661 360 1726 exercebant.
405 1660 566 1724 Attamen
597 1683 662 1745 quo
693 1667 844 1746 tempore
873 1661 982 1724 iorum
1011 1661 1242 1747 poenitentiale
1267 1663 1338 1726 sive

146 1766 311 1829 internum
334 1785 354 1827 a
377 1765 453 1829 foro
477 1771 618 1829 externo
644 1767 715 1828 sive
734 1765 886 1849 judiciali
915 1765 1151 1850 separabatur,
1177 1765 1233 1848 jus
1258 1785 1338 1830 cen-

146 1887 299 1932 surarum
321 1868 590 1953 infligendarnm,
625 1871 750 1954 quippe
785 1861 858 1932 eum
880 1875 1090 1933 sacramento
1113 1870 1338 1953 poenitentiae

147 1972 269 2038 diutius
292 1993 359 2036 non
378 1971 571 2056 cohaerens,
596 1972 770 2035 adfurum
789 1971 949 2056 judiciale
971 1972 1178 2060 solummodo
1201 1980 1359 2058 specta.

145 2075 215 2140 bat.
250 2074 465 2161 Quapropter
482 2077 522 2158 ei,
542 2077 602 2160 qui
611 2069 708 2162 clave
725 2074 966 2159 jurisdictionis
981 2075 1155 2160 praeditus
1173 2057 1234 2159 est,
1259 2097 1339 2142 cen·

146 2199 243 2244 suras
265 2179 367 2258 ferre,
391 2177 566 2263 eidemque
589 2177 769 2256 admonere
790 2177 914 2242 licebit.
961 2176 1060 2255 Quod
1083 2177 1125 2243 de
1144 2178 1258 2263 judice
1281 2201 1338 2244 or-

147 2282 274 2346 dinario
297 2289 339 2346 'et
374 2281 418 2346 de
449 2280 564 2366 jndice
598 2280 754 2366 delegato
784 2283 913 2367 pariter
944 2280 1052 2364 valet,
1091 2303 1165 2346 cunr
1189 2281 1337 2367 judicem
1417 2278 1420 2284 ’

147 2384 338 2472 delegatum
367 2383 443 2471 plus
469 2387 555 2468 juris
587 2382 673 2467 (sive
697 2388 815 2472 potius
845 2383 1019 2469 licentiae)
1046 2406 1206 2451 exercere
1236 2407 1338 2473 posse

146 2509 247 2575 quam
275 2511 367 2573 eum,
397 2491 455 2574 qui
478 2488 610 2554 elavem,
631 2489 873 2573 jurisdictionis
901 2491 936 2552 'ei
967 2492 1187 2573 concesserit,
1222 2497 1339 2567 9999999

147 2613 278 2658 omnem
296 2594 381 2677 juris
401 2599 556 2657 naturam
567 2590 644 2676 aaa)
673 2599 848 2678 repugnet.
894 2591 1048 2658 Oenones
1074 2600 1253 2678 praeterea
1275 2591 1339 2658 hoe
1366 2651 1368 2658 s

146 2695 222 2760 loco
257 2699 343 2761 inter
372 2696 520 2780 judicem
551 2696 743 2782 delegatum
774 2704 807 2760 et
833 2695 981 2780 judicem
1015 2697 1216 2761 ordinarium
1248 2695 1338 2762 nullo

146 2807 251 2886 pacto·
272 2799 537 2885 distinguuntt)

195 2881 204 2900 ’
234 2903 393 2970 Jamvero
417 2906 568 2989 quamvis
591 2905 801 2990 frequentius
825 2901 867 2968 de
890 2902 1244 2970 Exoommunieatione
1267 2912 1340 2969 tra-

149 3008 258 3094 datur,
276 3005 503 3074 sufficientem
513 3010 543 3072 ei
558 3007 815 3073 admonitionem
831 3007 1112 3092 praemittendam
1127 3028 1212 3094 esse,
1229 3016 1341 3074 tamen

217 3179 253 3250 ’1)-
267 3184 430 3235 119999199
449 3185 569 3246 Tellez,
589 3184 683 3235 099999
702 3184 734 3234 ed
751 3182 811 3246 (199.
825 3187 866 3238 48.
886 3185 921 3238 Χ.
942 3185 981 3234 De
999 3189 1062 3234 9999.
1081 3198 1182 3238 excom..
1212 3185 1342 3246 Snerer,

149 3268 190 3322 De
209 3273 330 3322 musurie'
342 3272 513 3322 ecciesiasticis
536 3273 608 3334 Disp.
626 3271 670 3320 111.
693 3271 775 3321 899919
793 3269 837 3322 XI.
858 3275 881 3322 1.
917 3271 1029 3330 Quodsi
1053 3272 1108 3332 quie
1126 3271 1344 3320 denunciationem

114 3417 118 3424 ⁵
148 3358 214 3419 jum
233 3357 361 3423 (19999191,
379 3359 475 3420 deque
493 3361 531 3407 tot
549 3359 730 3408 controversiae
745 3358 890 3407 1999919199
908 3358 1078 3407 celeberrimos
1095 3361 1235 3418 moventur,
1253 3359 1343 3417 9119991,

149 3448 228 3507 etque
246 3444 437 3494 denuntiantem
456 3448 521 3494 certe
537 3445 677 3494 monitione
689 3444 817 3492 9991191199
830 3444 869 3492 uti
881 3443 968 3492 debere
980 3443 1126 3506 contendat3
1144 3443 1252 3505 primum
1270 3441 1345 3492 eliam

148 3529 215 3579 19999
233 3543 286 3580 esse
302 3529 467 3580 monitionem
485 3543 560 3592 quam
578 3530 729 3580 denuntians
747 3530 901 3592 delinquenti
919 3530 993 3580 199199
1011 3534 1085 3593 atque
1103 3529 1268 3579 monitionem
1286 3541 1345 3578 een-

150 3617 216 3666 99919
233 3617 408 3680 praemissam
427 3615 618 3679 respondemus3
636 3629 707 3679 porro
726 3620 809 3674 autern
826 3628 858 3664 ne
875 3615 967 3678 requiri
986 3616 1087 3677 quidem
1105 3615 1346 3664 999199919991111999

150 3703 316 3753 monitionem
341 3701 373 3752 ed
391 3703 498 3752 valorem
521 3701 723 3752 denunciationis
742 3702 870 3764 judicialis
893 3702 1025 3764 permultis
1048 3701 1197 3752 testimoniis
1220 3704 1346 3753 1199991999
1442 3749 1445 3754 ,

150 3791 334 3853 probatumque
353 3803 413 3842 9999.
449 3789 550 3837 Etenim
574 3802 632 3838 9999
656 3788 714 3838 9919
737 3787 935 3838 denuntiationis
958 3800 1010 3837 non
1034 3789 1067 3838 eit
1087 3788 1182 3837 bonnm
1199 3800 1243 3837 eeu
1261 3800 1346 3838 emen·

140 3874 219 3926 'detio
238 3876 439 3952 delinquentis,
442 3875 486 3924 red
503 3875 614 3924 vindicta
631 3875 733 3938 publice
749 3875 780 3924 91
799 3875 942 3937 exemplum
959 3874 1063 3923 eliorum
1080 3875 1201 3936 institute,
1220 3875 1262 3924 cui
1279 3875 1345 3924 bene

152 3966 246 4012 secrete
273 3962 380 4025 quedem
406 3963 510 4011 monitio
536 3961 689 4024 delinquenti
714 3964 795 4010 199991
831 3961 1069 4024 1191119999991,
1096 3961 1144 4011 1999
1168 3959 1229 4012 Oen.
1253 3960 1297 4012 lib.
1315 3961 1345 4012 V.

92 4103 94 4108 ¹
150 4047 1032 4144 919198.119919,8919919119999199199919199.11.ρ99.49
1205 4041 1208 4051 “

205 4129 255 4198 *1)
271 4134 349 4185 lieth
369 4136 410 4186 18.
428 4149 454 4185 r.
464 4134 575 4186 19-18.

193 4217 782 4286 ***)1.11911191199119999119919919
818 4219 874 4271 lton
896 4219 972 4271 debeo
989 4221 1100 4271 999119919
1117 4219 1267 4271 conditionis
1284 4233 1356 4282 9999.

153 4320 228 4371 quern
246 4312 331 4357 999999
348 4320 427 4369 mene,
446 4323 461 4356 9
478 4320 527 4368 quo
543 4306 611 4374 ius
604 4321 631 4355 99
647 4321 687 4356 me
704 4308 803 4359 tremit

222 4389 254 4458 t)
271 4394 447 4456 Ugelinue,
466 4393 510 4444 119.
528 4392 559 4442 919
576 4406 642 4445 cene.
660 4393 712 4442 199.
731 4394 751 4443 1.
766 4407 791 4443 ·.c
811 4361 1346 4456 18999999.11919991199991999991

154 4480 209 4536 eive
226 4495 258 4532 99
276 4481 357 4532 9111919
375 4481 428 4532 eive
446 4481 501 4531 91119
517 4480 660 4546 petentibus
675 4480 755 4546 judex
766 4493 902 4532 censuram
919 4479 1014 4532 1919999
1032 4481 1074 4530 919
1109 4481 1206 4546 Uret,
1223 4479 1241 4534 1.
1260 4493 1282 4536 9.
