3184 5222
832 457 874 528 ii.

256 648 372 718 cadem
400 652 642 738 proruisset,
680 645 722 715 de
753 668 820 735 qua
849 652 1001 716 saucium
1021 645 1202 716 concilium
1219 644 1449 740 Trideniipum

255 756 383 822 sicini.
528 740 529 746 ‘

261 903 283 912 -κ
339 855 466 924 Verum
499 858 584 922 enim
614 875 695 922 vero
725 855 767 922 de
790 859 1174 943 censurarumipsarum
1197 857 1343 942 ratione,
1374 873 1449 926 cum

253 961 454 1050 permultum
476 961 553 1027 hinc
572 967 610 1025 et
630 959 719 1026 illinc
738 961 939 1047 disputetur,
961 961 1122 1046 multique
1138 963 1214 1044 sint,
1238 963 1296 1046 qui
1311 981 1450 1029 excom·-

254 1067 519 1133 municationem.
533 1071 566 1129 et
589 1065 736 1149 inprimis
759 1063 981 1145 interdictum,
1006 1065 1101 1148 cujus
1121 1072 1285 1148 naturam,
1308 1067 1449 1132 mixtum

252 1169 334 1237 illud
376 1167 605 1233 tantummodo
657 1174 735 1232 ante
779 1165 891 1231 ocules
933 1167 1118 1250 habentes,
1171 1171 1303 1252 penitus
1349 1171 1449 1254 ignc-

253 1280 331 1341 rant
345 1307 385 1320 ·-
409 1275 506 1358 quasi
528 1272 749 1336 inventionem
771 1271 976 1336 hierarchiae
999 1270 1199 1358 pontificalis
1223 1272 1432 1339 detestentur
1439 1298 1449 1356 3

255 1413 296 1428 --
319 1376 477 1444 hocloco
500 1375 686 1440 liutherum
706 1378 816 1460 ipsum
838 1393 1117 1440 commemorasse
1134 1374 1288 1459 sufficiet,
1313 1378 1370 1461 qui
1385 1397 1450 1454 ex·-

256 1482 582 1548 communieaticnem
619 1479 736 1565 procul
774 1478 874 1544 dubio
911 1477 1113 1546 servandam
1150 1499 1226 1544 esse
1264 1478 1397 1546 dixerit.
1414 1478 1450 1565 i)

257 1584 353 1664 Quae
376 1586 462 1649 enim
484 1586 570 1648 ratio
592 1591 663 1665 eet,
691 1605 749 1647 cur
767 1584 836 1668 jus,
858 1604 925 1669 quc
947 1581 1038 1648 nulle
1059 1602 1126 1648 non
1146 1585 1292 1648 mucias
1316 1586 1452 1670 privata

254 1691 404 1772 frustum
428 1686 627 1752 excludendi
651 1687 800 1752 lomnes
827 1707 981 1774 nequam,
1005 1689 1062 1774 qui
1077 1687 1199 1753 diutius
1214 1687 1345 1772 legibus
1360 1687 1451 1754 nullo

254 1801 355 1881 pecto
394 1791 658 1876 obtemperaturi
698 1789 819 1855 malam
856 1791 982 1856 famam
1017 1793 1182 1858 societati
1219 1793 1285 1877 ipsi
1320 1793 1453 1878 parturi

252 1899 321 1961 sint
345 1931 386 1941 —
411 1893 572 1959 ecclesiae
596 1893 824 1958 tantummodo
849 1893 1059 1980 denegetur?
1085 1893 1369 1972 Quemadmodum
1389 1916 1451 1958 nu-

252 2008 321 2066 tem
345 2019 474 2064 omnem
497 1999 709 2082 societatem,
742 2019 828 2083 quae
847 2000 924 2083 jure
954 1996 1011 2063 illo
1036 1999 1237 2063 exclusionis
1261 2019 1281 2062 a
1304 2001 1451 2064 civitatis

209 2182 211 2185 .
253 2102 441 2170 rectoribus
465 2102 529 2166 sibi
552 2121 728 2185 concesse,
757 2122 956 2190 perversum
984 2105 1018 2167 in
1048 2103 1181 2165 modum
1202 2109 1335 2188 utatur,
1365 2101 1452 2168 male

253 2228 356 2294 agere
378 2203 645 2293 puniendamque
665 2225 741 2270 esse
758 2205 999 2288 existimamus,
1022 2207 1070 2268 ita
1085 2212 1119 2270 et
1134 2204 1309 2270 ecclesiam
1323 2227 1452 2270 summa

254 2332 318 2398 ope
341 2313 402 2376 niti
424 2309 530 2394 decet,
549 2329 593 2374 ne
613 2307 795 2396 legitimam
817 2311 851 2372 in
873 2311 990 2396 poenis
1015 2317 1132 2384 contra
1146 2309 1251 2374 laicos
1264 2310 1320 2375 vel
1335 2318 1452 2376 eontra

253 2415 392 2484 clericos
416 2412 564 2480 ferendis
587 2415 676 2480 viam
698 2413 851 2496 deserat5
890 2433 963 2476 cum
988 2434 1106 2492 poenae
1135 2417 1210 2476 icles
1236 2435 1453 2495 permagnam,

253 2541 316 2586 acia
336 2523 432 2582 acirim
456 2523 489 2580 in
510 2517 596 2578 rebec
618 2519 833 2594 ecciesiasticis,
857 2522 908 2578 scd
930 2521 1023 2578 etiam
1045 2522 1078 2579 in
1100 2518 1188 2578 rebus
1211 2519 1362 2596 civilitate,
1390 2525 1453 2582 vim

253 2619 458 2706 habeantet)
487 2619 580 2700 'Qua
609 2621 642 2684 in
664 2639 701 2684 rc
725 2622 842 2706 ingens
865 2618 1050 2706 pariendum
1073 2619 1213 2685 subesse
1237 2621 1452 2688 animadver-

253 2727 455 2813 tendumque
478 2745 568 2809 esse,
595 2744 637 2788 ne
656 2721 847 2810 jurisdictio
880 2723 987 2788 civilis
1012 2725 1093 2811 quid
1116 2725 1305 2791 detrimenti
1328 2728 1452 2813 capiat,

254 2835 327 2920 quis
351 2839 421 2913 est,
446 2829 525 2914 quin
547 2821 682 2892 videat?
705 2863 746 2872 -
769 2825 929 2892 Profecto
958 2848 1040 2892 vero
1066 2829 1258 2916 jurisdictio
1289 2829 1452 2896 ecelesia-

253 2939 356 3020 stica,
393 2933 469 3000 ideo
503 2954 524 2997 a
546 2931 780 3017 jurisdictione
811 2930 899 2996 civili
928 2932 1121 3018 longissime
1151 2953 1227 2998 sese
1258 2935 1452 3020 discrepare

253 3040 427 3126 gloriatur,
451 3033 542 3124 quod
565 3035 707 3102 ecclesia
729 3056 856 3122 poenes
880 3037 1120 3122 emendationis
1145 3029 1248 3102 causa
1265 3040 1451 3124 imponens,

253 3137 382 3210 nonnisi
404 3143 509 3206 invita
533 3140 576 3206 ad
597 3139 800 3227 puniendum
823 3141 983 3208 accedere
1005 3148 1130 3227 pot-eet,
1157 3162 1326 3228 nunquam
1347 3162 1451 3229 prae-

254 3250 369 3313 sertim
390 3249 424 3309 in
446 3245 578 3310 modum
600 3243 787 3328 vindictue5
810 3240 901 3308 nulle
924 3247 1151 3309 contumaciae
1174 3246 1304 3309 ratione
1322 3245 1450 3331 habita,

253 3351 344 3418 nulla
381 3351 620 3437 inquisitionis,
657 3349 749 3414 nulla
778 3348 922 3435 denique
956 3349 1200 3415 admonitionis.
1245 3346 1377 3426 Quodsi
1406 3353 1450 3418 ad

253 3544 397 3594 nullatanus
414 3541 595 3607 impediantur,
625 3542 759 3605 quominus
784 3540 896 3592 censurii
918 3539 1117 3591 animcdvcriani
1134 3541 1165 3590 -in
1183 3550 1347 3606 quoacunque
1363 3537 1451 3596 idaiae

253 3631 339 3693 legum
357 3634 382 3679 at
400 3629 533 3681 cenenum
549 3627 763 3691 transgresione!

322 3717 414 3768 Mirum
431 3721 496 3766 caric
513 3716 626 3779 videtur,
651 3715 719 3780 quod
742 3716 851 3766 ciniani
875 3719 980 3766 motoria
1004 3715 1042 3766 hii
1063 3716 1285 3768 conatiiniioniiua
1301 3729 1451 3784 megnopcra

252 3803 454 3869 jurisdictionem
471 3803 570 3854 civilem
587 3803 713 3866 infirmari,
730 3815 783 3854 non
800 3803 984 3854 intellexerunt.

323 3905 353 3976 ⁸⁸)
371 3908 538 3969 Quemcbram
556 3909 600 3960 dic
619 3907 753 3959 Lutiarani
770 3909 1055 3960 excommunicationem
1064 3909 1227 3973 ianuarum,
1244 3908 1451 3960 miinncrnniin·

254 3996 438 4061 inperitiam
455 3996 524 4046 iliam
540 3996 716 4058 monitionem,
748 3995 864 4058 quamvis
886 3995 1009 4046 divinam
1034 4009 1049 4045 a
1070 3996 1209 4046 monitione
1227 3995 1293 4057 intio
1320 3993 1451 4053 (laconici.

253 4084 318 4134 iiim
336 4082 472 4134 admonitio
491 4096 506 4132 ι
522 4082 629 4146 pirodio
647 4081 699 4132 caio
716 4082 795 4148 iacta,
819 4082 908 4133 deinde
931 4095 1014 4134 comm
1037 4081 1135 4134 dnoim
1152 4086 1196 4134 ani
1214 4081 1295 4133 tribui
1311 4084 1418 4134 iuiibm
1435 4097 1451 4134 a

255 4170 429 4221 communione
446 4167 564 4232 repetiti,
589 4167 733 4233 praecedere
752 4171 900 4221 sententiam
918 4170 1014 4224 debuit.
1043 4171 1075 4221 ai.
1093 4169 1250 4220 Richiar’c
1267 4169 1450 4224 normani.

255 4259 276 4318 s
293 4259 355 4307 arc.
375 4259 400 4308 ι.

322 4337 368 4408 **)
386 4341 589 4407 Prohibiiioncm,
607 4347 676 4408 puta,
696 4345 837 4416 capaliana
854 4344 1006 4409 chrudanaa
1026 4343 1258 4396 communicationis
1276 4355 1450 4396 cnmaxaom-

255 4431 444 4493 medicationis,
469 4429 612 4495 iniamiam,
634 4431 749 4498 deniquo,
761 4432 887 4500 quandam
904 4431 1018 4497 civiiam,
1035 4431 1109 4498 'quaa
1125 4443 1232 4499 poenum
1249 4430 1450 4498 camimum,

256 4517 328 4586 quui
344 4517 439 4586 umbra,
456 4517 529 4586 ioqui
544 4517 617 4575 coici.
1090 4515 1097 4523 '
