3184 5222
694 465 754 534 41*

122 653 333 748 Quapropter
354 655 441 725 bina
455 661 641 725 monitione·
657 660 780 724 omissa
801 650 967 724 sententia
981 659 1045 726 crit
1056 656 1155 724 nulle.
1165 687 1206 706 —
1219 656 1312 728 Ocn-

120 766 266 828 firmatur
296 762 554 842 resolutionibus
586 761 754 848 Congreg.
784 761 885 840 Cerd.
900 761 935 846 ιθ)
959 797 1001 811 -
1032 762 1116 828 Cum
1136 764 1240 849 igitur
1256 766 1315 830 'di-

121 870 250 933 stinctio
274 870 398 933 veteris
419 868 505 952 juris
527 869 615 932 inter
636 861 849 932 monitionem
872 869 1065 932 canonicam
1088 873 1121 932 et
1143 864 1315 953 peremto·-

120 974 216 1054 riam‚
255 977 359 1056 etque
387 973 475 1034 inter
506 973 707 1036 sententiam
728 970 887 1054 injustam
916 973 973 1034 ac'
995 969 1119 1034 nullam
1156 971 1220 1036 hoc
1257 991 1316 1036 ca-

119 1077 187 1160 pite
208 1073 309 1159 plane
335 1073 491 1156 tolletur,
516 1072 551 1137 id
573 1073 802 1137 tantummodo
826 1070 1027 1139 servendum
1053 1075 1116 1139 erit
1143 1073 1184 1138 de
1199 1077 1316 1138 vetere

116 1178 201 1262 jure,
223 1185 261 1241 ut
282 1181 316 1241 in
339 1176 468 1243 duobus
491 1177 673 1262 praedictis
696 1175 839 1259 casibus
864 1174 999 1260 quando
1025 1179 1113 1240 trina
1131 1176 1314 1241 admonitio

120 1301 282 1367 expressa
300 1282 387 1365 juris
411 1283 577 1347 sententia
598 1287 782 1366 praecepta
806 1277 924 1362 siq’ee)
946 1279 1046 1344 hodie
1071 1301 1205 1365 quoque
1226 1280 1316 1344 trina

119 1385 295 1448 admonitio
319 1384 405 1450 adeo
429 1386 473 1448 sit
493 1386 695 1464 necessaria,
719 1391 773 1466 ut,
799 1405 839 1450 ea
863 1386 1007 1466 omissa,
1036 1385 1202 1448 sententia
1224 1382 1316 1448 nulla

119 1489 186 1553 fiat.
245 1487 378 1573 Quippe
415 1489 667 1553 constitutiones
706 1494 786 1553 ante
825 1486 997 1552 concilium
1029 1485 1258 1552 Tridentinem
1295 1507 1317 1551 a

118 1591 335 1656 Pontificibus
357 1591 518 1656 Romanis
540 1590 631 1655 latae
665 1593 815 1674 minime,
846 1594 876 1654 si
905 1611 1046 1657 severae
1076 1596 1199 1672 essent,
1220 1590 1315 1653 infir-

118 1697 209 1779 mari,
240 1695 300 1760 sed
328 1715 398 1779 eae,
422 1694 646 1780 solummodo,
677 1715 764 1780 quae
795 1693 932 1761 suavius
961 1701 1064 1779 atque
1086 1693 1314 1778 indulgentius

119 1799 207 1866 dicte
229 1799 360 1884 essent,
388 1802 509 1866 exacui
532 1798 715 1866 debebant

606 2157 827 2224 conclusio.

204 2336 345 2430 Restat,
374 2347 413 2406 ut
435 2339 477 2406 de
507 2341 780 2406 conventionibus
809 2338 932 2404 nostris
955 2339 1072 2405 diebus
1094 2340 1181 2406 inter
1201 2340 1315 2426 ponti-

120 2447 217 2536 ficem
239 2445 427 2510 Romanum
458 2451 491 2509 et
519 2445 606 2508 inter
635 2447 748 2508 varios
780 2442 979 2508 Germaniae
1008 2446 1175 2529 principes
1203 2443 1313 2527 factis,

119 2570 228 2634 pauca
251 2549 440 2615 afferamus.
486 2547 579 2624 Quas
603 2546 781 2633 diligenter
802 2546 1048 2632 pervolventes‚
1070 2545 1150 2610 nihil
1170 2547 1243 2612 fere
1257 2567 1315 2612 re-

118 2653 283 2740 perimet,
312 2653 403 2737 quod
429 2652 472 2716 ad
493 2649 724 2715 illustrandam
748 2671 807 2714 seu
829 2650 1022 2738 mutandam
1045 2650 1229 2714 doctrinam
1250 2670 1313 2713 no-

117 2761 223 2819 stram
261 2754 302 2820 de
341 2738 521 2844 monitione
552 2755 638 2837 juris
679 2752 837 2818 Canonici
866 2755 933 2816 vim
963 2753 1131 2846 quandam
1162 2753 1314 2818 heberet.

116 2856 251 2924 Etenim
281 2861 310 2922 si
330 2859 577 2946 'jurisdictionis
619 2856 867 2946 ecclesiasticae
897 2845 1075 2950 criminalis
1106 2859 1230 2921 mentio
1263 2857 1313 2940 fit,

117 2962 205 3027 solet
226 2965 345 3047 repeti,
369 2963 465 3046 quasi
487 2964 639 3045 axiomc3
662 2963 779 3045 poenis
802 2945 966 3048 adversus
989 2960 1138 3043 clerium,
1163 2962 1312 3025 censuris

117 3063 282 3130 adversus
305 3064 408 3130 laicos
431 3066 589 3130 utendum
612 3085 706 3147 essc3
744 3063 834 3149 quod
863 3064 999 3155 adrem
1020 3071 1171 3156 nostram
1193 3081 1313 3150 parum

116 3175 274 3254 spectare
296 3167 437 3234 videtur.
452 3165 528 3253 m)
574 3167 790 3255 Quapropter
825 3175 859 3233 et
885 3167 987 3234 hodie
1010 3168 1163 3233 doctrine
1195 3174 1312 3234 nostra

580 3257 581 3264 ¹
812 3265 825 3291 e

126 3359 128 3364 ’
158 3405 165 3418 ,
186 3356 215 3426 ⁸¹)
233 3355 347 3413 Oenones
365 3363 390 3410 et
407 3355 686 3413 deor'el'eeonc.1Trid.
704 3358 736 3410 e'x
754 3361 862 3413 editione
874 3357 1019 3412 Romene'e
1035 3359 1256 3418 dccccxxxiv
1272 3375 1311 3412 re·

115 3449 196 3514 petiti.
231 3449 300 3511 Lipe.
319 3450 393 3498 185³.
428 3449 563 3511 desumpto
586 3449 654 3500 cocio
679 3448 707 3500 1².
726 3447 858 3500 Schulte
883 3449 962 3499 edidit
985 3449 1017 3502 Α.
1036 3450 1176 3502 Richter.
1213 3450 1245 3500 cl.
1263 3448 1312 3498 lte-

114 3535 208 3588 eoiutio
227 3539 252 3588 t.
271 3539 286 3586 6
304 3535 336 3586 ed
355 3551 408 3599 cep.
427 3534 623 3588 ccccxxv.

167 3635 211 3704 ”J
230 3642 262 3692 ci.
280 3654 355 3704 cupre
370 3639 418 3691 eui)
436 3640 465 3691 V.

65 3781 72 3792 .
151 3737 213 3808 W)
233 3742 414 3794 concordatum
434 3744 577 3798 hunricum
595 3746 642 3794 ert.
662 3739 761 3808 Xlld):
789 3745 819 3794 ln
838 3746 938 3798 clericos
956 3746 1143 3810 reprehensione
1161 3745 1249 3809 dignol
1266 3746 1312 3798 eut

113 3827 249 3882 honestum
267 3831 403 3881 clericalem
421 3831 533 3881 habitum
551 3844 636 3880 eorum
655 3829 736 3880 ordini
761 3834 786 3880 et
803 3831 919 3893 dignitati
938 3837 1113 3894 congruentem
1125 3819 1182 3884 ¹nou
1199 3830 1311 3884 deluen-

112 3920 161 3978 tee,
178 3929 273 3980 poenes
290 3931 305 3966 e
321 3929 390 3967 eaoro
409 3917 512 3968 concilio
531 3917 677 3966 Tridentino
695 3919 810 3978 etetntee,
828 3919 949 3980 eliaeque,
968 3931 1029 3980 quae
1048 3923 1224 3971 convenientes
1240 3919 1312 3982 judi·

114 4003 238 4066 cevimue,
257 4004 325 4055 eelvc
345 4004 465 4055 cononice
483 4017 591 4066 recurro,
611 4004 720 4064 indigere
737 4016 826 4065 eoique
844 4004 871 4054 in
888 4005 1027 4055 remineriie
1045 4012 1089 4055 eut
1107 4007 1222 4058 dentone
1240 4007 1271 4056 ed
1283 4006 1310 4056 id

113 4089 273 4141 deminantis
291 4091 428 4140 custodire:
447 4091 555 4142 ceneurle
573 4103 672 4152 quoque
690 4089 885 4140 enimedvertere
902 4091 929 4138 in
947 4103 1109 4155 quoscunque
1126 4093 1210 4144 ildelee
1227 4093 1309 4146 eccle·

114 4175 273 4226 eiuilcerum
290 4177 374 4239 legum
391 4175 416 4226 et
432 4177 560 4228 eduorum
575 4191 699 4227 cenenum
716 4181 913 4240 uenegreeeoree.

186 4261 368 4315 concordatum
387 4264 545 4314 Austriecum
563 4263 667 4316 ertxl:
689 4265 834 4326 „Secrorum
851 4263 986 4315 entietibue
1002 4265 1107 4315 liberum
1125 4267 1175 4329 erit,
1192 4267 1221 4316 in
1239 4265 1309 4318 cleri·

112 4361 160 4398 coe
176 4348 308 4400 bonerum
326 4350 437 4400 habitum
454 4351 590 4400 clericalem
613 4363 698 4401 eorum
722 4350 803 4400 ordini
829 4354 854 4399 et
870 4351 985 4412 digniteti
1004 4359 1178 4412 congruentem
1195 4365 1247 4403 non
1266 4354 1309 4403 de·

111 4436 236 4498 deremet,
265 4442 309 4488 eut
333 4438 557 4501 quomodocunque
582 4438 772 4500 reprehensione
798 4439 886 4500 dignos
911 4451 1004 4502 poenes
1027 4453 1043 4487 e
1067 4439 1143 4488 eeorie
1164 4437 1309 4489 mnemon·

110 4522 267 4586 ,constitutae
285 4528 310 4574 et
326 4525 395 4589 ecee,
420 4518 484 4589 quee'
498 4525 547 4588 ipsi
565 4524 684 4589 Episcopi
702 4525 877 4577 convenientes
893 4524 1202 4590 judicaverintjnfliqere.
1238 4523 1308 4580 Idem
