3184 5222
737 357 880 498 ¹a

262 607 445 676 uerendum
464 619 545 694 est,
572 633 613 676 ne
636 614 847 678 monitionem
878 612 989 677 clerici
1017 611 1112 676 unios
1141 609 1175 674 in
1204 610 1353 696 ipsorum
1382 609 1458 684 uti-¹

262 707 398 780 litatem
430 735 485 778 ex.
511 715 649 779 arbitrio
682 705 832 804 :cujusvis
866 714 1065 797 adhibeant,
1110 719 1211 800 atque
1244 728 1454 800 ¹summopere

264 817 520 884 desiderandum
543 826 605 902 est,
627 827 666 884 ut
688 817 839 884 doctrina
860 819 904 884 ad
926 819 1101 904 pristinam
1123 817 1369 904 simplicitatem
1395 839 1453 885 re-

263 921 405 986 ducatur
426 923 703 1008 reformeturque.

812 1227 913 1320 VIII.

328 1429 384 1510 De
416 1430 663 1517 reformatione
705 1455 781 1535 cap.
808 1431 847 1510 3.
884 1377 1063 1512 sessionis
1089 1426 1193 1508 XXV
1236 1425 1381 1508 Consilii
1417 1551 1421 1558 ι

757 1569 959 1647 Tridentini.

348 1782 463 1870 ltaque
486 1806 559 1849 oum
581 1784 747 1869 permulta
769 1786 867 1867 vitio,
898 1803 984 1871 quse
1014 1783 1112 1870 lapsa
1140 1783 1270 1848 demum
1293 1766 1454 1847 eeclesia-

264 1893 349 1954 stica
380 1888 571 1975 disciplina,
608 1886 783 1973 paullatim
812 1887 1078 1970 increbruerant,
1116 1887 1292 1952 reformari
1320 1885 1453 1968 debere,

262 1995 393 2056 nimime
417 1993 549 2077 quIdem
579 1990 786 2056 revolutione
816 1993 1000 2076 permutari
1028 1990 1312 2076 permiscerique,
1338 1994 1453 2073 patres

264 2095 452 2160 Tridentini
473 2097 745 2180 perspexissent,
776 2101 845 2158 tum
875 2094 1009 2158 modum
1039 2113 1173 2178 quoque
1195 2088 1402 2177 procedendi
1421 2092 1455 2152 in

262 2201 378 2285 poenis
408 2197 644 2262 ecclesiasticis
675 2197 822 2262 ferendis
847 2199 1055 2280 mutandum,
1077 2197 1287 2280 immanique
1306 2194 1455 2279 judicum

264 2301 565 2366 ecclesiasticorum
596 2301 733 2365 arbitrio
765 2302 1002 2366 occurrendum
1026 2319 1101 2364 esse
1124 2304 1332 2376 censuerunt.
1379 2294 1456 2374 Qua

264 2403 306 2468 de
328 2425 365 2470 re
388 2425 459 2490 cap.
474 2404 503 2469 3.
526 2402 616 2469 Sese.
639 2407 822 2488 vigesimae
846 2402 1040 2489 qmntae*)=
1064 2405 1236 2489 ,quamvis
1261 2421 1455 2468 excommu-

261 2630 302 2678 vel
319 2629 400 2679 sdhuc
418 2632 535 2692 ensium,
553 2633 701 2680 anctoritate
718 2629 864 2692 Apono-aa
883 2643 963 2680 eorem
982 2632 1026 2680 heo
1044 2630 1157 2680 fidelium
1174 2629 1338 2680 multitudine
1353 2628 1452 2692 copton

262 2729 400 2779 monemus,
419 2721 448 2767 ut
466 2730 494 2766 os
511 2718 582 2767 notin
600 2723 644 2766 sut
661 2719 683 2766 si
708 2731 783 2780 quem
806 2717 836 2765 sd
860 2717 887 2766 id
911 2719 1030 2766 duximus
1056 2717 1241 2780 deputandum,
1259 2717 1326 2765 intre
1348 2717 1453 2778 quotuor

262 2804 388 2853 mensium
410 2805 518 2867 spetlum
543 2817 558 2851 s
583 2802 622 2852 die
640 2803 711 2852 detes
728 2804 906 2866 publicationis
924 2804 1093 2866 prsessntium
1111 2802 1294 2852 numsrsndum
1313 2817 1370 2852 oum
1387 2803 1453 2852 inte·

262 2891 351 2950 gritste
370 2892 501 2940 restituent
519 2892 544 2936 st
561 2889 703 2950 assignent:
722 2903 750 2938 sc
763 2903 851 2940 omnes
869 2894 893 2937 st
910 2890 1021 2950 singulos
1038 2891 1157 2950 scientes,
1177 2889 1220 2938 ubi
1239 2889 1277 2938 vei
1295 2901 1370 2950 penes
1388 2901 1451 2951 quos

262 2977 345 3038 alique
368 2975 398 3024 dc
416 2975 482 3023 dieto
500 2976 612 3024 thesauro
631 2975 771 3024 exstiterim
789 2976 827 3022 vei
847 2977 967 3033 existent,
995 2981 1024 3024 ut
1049 2976 1113 3023 intre
1129 2975 1265 3024 terminum
1282 2973 1453 3037 supradictum

262 3061 335 3111 nobit
359 3066 404 3110 snt
427 3062 475 3124 ipsi
498 3061 615 3123 deputato
634 3064 717 3110 nostro
740 3061 848 3110 indicere
866 3061 996 3110 studeant:
1022 3061 1180 3123 alioquinin
1199 3073 1283 3110 omnes
1301 3065 1325 3109 et
1340 3061 1453 3122 singulos

262 3148 409 3197 moniti0nis
435 3147 576 3206 hujusmodl
603 3152 782 3209 contemptores
812 3151 986 3209 cujuscunque
1011 3148 1156 3210 dignisstis,
1195 3151 1274 3196 ststus
1298 3148 1338 3196 vel
1365 3145 1453 3197 cendi·

262 3234 340 3283 tionis
365 3234 505 3282 exstiterint
527 3233 623 3281 etiamsi
648 3235 806 3295 pstrisreinli
830 3235 870 3282 vei
893 3235 1013 3296 superiori
1037 3236 1081 3283 sut
1103 3235 1151 3283 slis
1170 3247 1330 3296 quecumque
1346 3235 1453 3297 preemi-

207 3301 210 3308 ’
262 3323 340 3372 nesnt
365 3319 486 3381 dignitate
508 3335 540 3368 ex
563 3332 632 3370 nmio
650 3323 794 3369 suctorItste
811 3321 937 3383 praedicis
955 3321 1207 3370 exommuniootionis
1225 3324 1376 3370 sententiam
1392 3333 1453 3382 pro-

263 3408 421 3467 mnipamne:
451 3406 597 3455 madentes
626 3407 680 3456 illos
709 3420 752 3468 per
782 3407 941 3455 dioecesanos
965 3407 1075 3456 locorum
1099 3411 1123 3456 et
1146 3410 1250 3455 rectores
1275 3405 1454 3468 psrosoIslinm

264 3492 421 3542 scelestarum
447 3491 576 3541 civitatum
603 3497 627 3540 et
651 3493 792 3540 dioecesum
816 3493 947 3540 earundem
971 3493 1076 3554 singulis
1102 3491 1188 3550 diebus
1206 3491 1338 3542 dominicis
1363 3495 1388 3540 et
1403 3494 1454 3542 ies·

166 3573 169 3577 ’
255 3579 322 3627 tisis
346 3579 448 3640 pulsetis
473 3579 601 3638 compenis
626 3583 650 3625 ct
674 3575 780 3627 candelis
807 3580 923 3627 extinctis
950 3580 1177 3628 excommuniostos
1201 3578 1301 3642 publice
1324 3577 1453 3628 nunciati:

263 3663 399 3728 processuri
410 3664 441 3712 sd
455 3666 566 3724 gravione
574 3662 735 3713 nihilominus
749 3669 833 3712 contre
842 3677 891 3724 sos,
904 3677 1012 3712 necnon
1025 3669 1049 3714 et
1058 3671 1143 3713 eontra
1155 3666 1268 3713 civitates
1276 3665 1455 3714 universitates

263 3754 288 3799 et
303 3750 414 3810 singulos
426 3762 543 3812 personss
556 3761 716 3811 quascunque
732 3752 798 3798 sicut
817 3752 938 3814 protervis
956 3750 1066 3812 ipsorum
1084 3732 1192 3811 exegerit
1204 3755 1229 3799 et
1242 3751 1391 3800 viderimuss
1409 3763 1456 3800 ex·

263 3838 347 3902 pedire
354 3871 421 3892 .....
439 3837 473 3886 Ut
497 3840 579 3884 sutem
602 3835 746 3896 hujusmodi
764 3837 869 3885 monitio
889 3837 919 3886 sd
938 3849 1094 3886 communem
1112 3839 1224 3886 omnium
1242 3838 1357 3886 notitiam
1375 3836 1455 3888 dedu-

264 3928 345 3988 catur,
371 3923 469 3971 storias
486 3925 537 3970 sive
555 3923 716 3970 membranas
733 3925 898 3970 monitionem
916 3926 1068 3970 oontinentes
1085 3923 1191 3972 eundem
1208 3925 1236 3972 in
1254 3925 1357 3974 coohsta
1374 3921 1456 3986 Acip-

263 4014 334 4060 nion.
351 4007 463 4080 oppendi
479 4007 518 4057 vsi
536 4008 604 4069 sitigi
622 4010 690 4056 ostiis
709 4009 820 4067 ejusdem
838 4008 954 4056 eeclesias
972 4008 1104 4072 iaciemus3
1123 4012 1357 4071 praemonitionem
1370 4012 1456 4072 ipsum
1537 4073 1544 4082 ·
1576 3999 1577 4044 ἶ

263 4107 308 4146 sno
326 4097 398 4158 qnoss'
415 4106 502 4143 sonoro
518 4097 653 4154 praesento
668 4095 849 4154 publicabunt:
868 4095 903 4141 its
922 4093 986 4156 quod
1007 4106 1099 4156 omncs,
1119 4108 1180 4156 quos
1197 4095 1302 4144 monitio
1321 4095 1455 4160 contIngit,

266 4181 362 4231 nulism
388 4185 473 4243 postes
499 4182 683 4229 excusationem
705 4180 862 4242 prsetendere
879 4179 990 4242 possint,
1014 4182 1078 4242 qued
1097 4180 1129 4228 sd
1147 4194 1188 4229 sos
1206 4181 1263 4230 tslis
1280 4182 1383 4232 monitio
1400 4194 1458 4233 non

264 4267 403 4332 pervenerit
427 4267 467 4315 vel
492 4266 557 4328 qued
582 4266 750 4327 ignoraverint
768 4263 896 4316 cendem.“
921 4265 1046 4328 iohanni,
1065 4266 1188 4330 videlice,
1206 4266 1324 4327 vinesimo
1343 4269 1456 4321 seeundo

264 4353 369 4404 monitio
388 4352 424 4401 nil
441 4351 491 4401 nisi
508 4353 701 4402 instrumentum
719 4352 857 4401 securitstn
875 4352 1051 4402 ecclesiasticae
1069 4353 1145 4402 inisse
1161 4353 1268 4404 videtur.
1344 4367 1346 4372 ·
1403 4409 1406 4418 .

334 4449 363 4524 *J
381 4454 467 4507 Sacros
486 4455 591 4506 (loncilii
610 4455 748 4508 Tridentini
767 4457 879 4506 canones
897 4461 922 4506 et
939 4456 1042 4508 Deersts
1053 4455 1092 4510 ed.
1112 4455 1243 4508 (isilsmsrt
1262 4435 1337 4508 itii.
