3184 5222
722 450 740 512 9

146 663 223 726 cam,
254 639 412 726 gladium,
442 641 506 724 sis,
538 637 745 726 spiritualem
754 637 789 723 2²)
812 647 881 702 tam
903 633 1085 704 terribilem
1105 659 1181 704 esse
1205 635 1329 702 bomini

92 734 95 739 ¹
146 769 214 812 vera
238 745 520 810 Christiana-fide
542 745 686 826 imbute,
717 741 922 808 Canonistae
946 744 1155 826 existimant,
1188 750 1224 807 ut
1247 763 1328 828 pro-

145 853 243 915 fanari
275 849 414 932 debeat,
454 871 527 913 cum
558 847 658 912 cadat
687 849 817 910 nonnisi
844 849 878 910 in
909 853 1146 912 contumacem.
1191 845 1330 910 Judices

56 985 58 990 v
145 958 237 1039 igitur
265 951 345 1028 nihil
376 955 544 1038 antiquius
575 951 739 1034 habento,
772 971 872 1035 quam
902 951 944 1016 de
975 953 1184 1014 contumacia
1213 949 1270 1013 illa
1298 953 1332 1013 in

146 1059 285 1123 censuris
300 1056 448 1121 ferendis
465 1057 657 1121 necessaria
674 1074 888 1138 cognoscere.
924 1054 1040 1118 Inesse
1056 1075 1137 1119 vero
1156 1056 1331 1118 criminoso

145 1162 237 1226 talem
261 1161 519 1240 contumaciam,
544 1159 698 1242 judicare
729 1159 785 1242 qui
811 1163 952 1241 possunt
975 1159 1038 1220 nisi
1062 1164 1162 1222 antea
1185 1159 1329 1220 animum

145 1266 208 1350 ejus
232 1265 329 1349 quasi
351 1265 571 1345 tentaverint,
596 1262 861 1347 quaesierimus,
889 1281 966 1324 num
988 1263 1120 1344 penitus
1143 1259 1328 1324 obduratus

144 1367 216 1434 sit?¹
241 1366 361 1451 Itaque
395 1365 575 1429 admonitio
607 1364 752 1450 quadam
781 1363 986 1448 praecedere
1018 1365 1218 1428 sententiam
1253 1384 1332 1426 cen-

144 1491 237 1534 surae
261 1469 372 1552 debet,
397 1491 463 1554 qua
485 1489 562 1532 num
584 1462 664 1533 verb
688 1475 867 1532 contumax
887 1475 1046 1552 peccator
1063 1469 1106 1530 sit
1123 1457 1340 1532 demonstress

143 1581 220 1638 tur*
248 1571 351 1657 Cujus
382 1571 519 1656 regulae
550 1575 711 1656 originem
741 1570 840 1634 altius
871 1577 1063 1655 repetentes
1085 1572 1167 1654 jam
1199 1570 1277 1634 iude
1311 1591 1331 1633 a

143 1675 354 1761 temporibus,
379 1676 500 1760 quibus
524 1675 705 1740 christiana
725 1674 843 1758 religio
866 1681 947 1738 nata
970 1681 1036 1757 est,
1061 1676 1213 1758 oriemur,
1236 1676 1332 1758 prin-

145 1781 293 1864 cipioque
316 1781 349 1842 in
373 1779 523 1843 omnibus
546 1781 663 1864 poenis
685 1781 871 1842 institutam
886 1776 1061 1864 paullatim
1076 1778 1329 1861 interpretatio-

140 1883 231 1946 nibus
256 1883 577 1968 exceptionibusque
606 1885 654 1945 ita
683 1871 883 1946 infirmatam
914 1901 999 1966 esse,
1022 1888 1059 1946 ut
1082 1902 1160 1946 raro
1183 1886 1331 1944 tantum·
1381 1949 1385 1957 ,

126 1975 234 2050 Γιῃοάο
257 1985 366 2050 locum
389 1986 524 2070 babeat,
548 1986 771 2052 ostendemus.

651 2284 749 2385 .L

326 2563 330 2570 ,
394 2481 451 2557 De
484 2481 622 2584 origine
653 2480 850 2559 monitionis
883 2482 1082 2558 canonicae.

223 2661 369 2726 Dubium
391 2662 492 2744 igitur
515 2681 581 2724 uon
605 2667 667 2736 est,
690 2681 816 2724 morem
838 2660 1103 2746 praemittendae
1126 2664 1234 2726 trinae
1257 2683 1329 2726 mo-

133 2765 268 2826 nitionis
293 2762 337 2826 ad
359 2784 419 2826 nos
444 2783 487 2826 ex
510 2763 689 2827 traditione
712 2749 974 2848 Apostolicaii)
1007 2763 1196 2828 dimanasse
1218 2767 1251 2826 in
1274 2786 1331 2828 se-

134 2866 314 2952 quentibus
345 2865 554 2948 Christi&
584 2866 696 2930 verbis
722 2866 878 2930 fundata:
914 2865 972 2948 „Si
1004 2875 1115 2931 autem
1137 2871 1330 2952 peccaverit

131 2973 166 3033 in
190 2977 225 3032 te
248 2969 354 3034 frater
383 2977 477 3051 tuus,
492 2966 588 3032 'vade
613 2977 646 3033 et
669 2973 799 3054 eorrIpe
824 2991 897 3042 eum
918 2973 1005 3035 inter
1028 2978 1062 3035 te
1087 2979 1120 3035 et
1142 2973 1251 3055 ipsum
1274 2993 1332 3054 so-

130 3073 210 3137 lum.
246 3070 282 3137 Si
304 3080 338 3136 te
362 3073 514 3154 audierit,
538 3073 686 3137 lucratus
711 3076 776 3138 eris
799 3073 940 3138 fratrem
962 3082 1064 3137 tuum.
1101 3072 1138 3139 Si
1161 3081 1272 3168 autem
1294 3082 1329 3139 te

130 3196 201 3238 non
224 3175 378 3258 audierit,
402 3174 525 3238 adhibe
548 3183 659 3238 tecum
689 3176 799 3240 adhuc
828 3198 928 3240 unum
950 3176 1005 3240 vel
1029 3177 1128 3259 duos,
1158 3185 1195 3242 ut
1217 3180 1251 3241 in
1274 3199 1332 3242 ore

132 3278 277 3341 duorum
308 3276 362 3340 vel
392 3279 490 3339 trium
520 3279 656 3341 testium
689 3287 756 3342 stet
787 3301 882 3343 omne
911 3281 1060 3344 verbum.
1107 3279 1236 3356 Quodsi
1265 3302 1331 3345 non

128 3381 281 3444 audierit
304 3400 373 3462 eos,
398 3379 451 3442 dic
474 3379 645 3444 ecclesiae.
691 3380 728 3446 Si
750 3390 861 3445 autem
887 3383 1063 3446 ecclesiam
1088 3404 1154 3446 non
1177 3384 1331 3468 audierit,
1409 3368 1411 3371 ¹

127 3487 175 3548 sit
200 3483 263 3546 tibi
293 3485 378 3545 sicut
410 3483 559 3547 ethnicus
592 3491 625 3546 et
654 3484 880 3568 publicanus.‘¹
928 3483 1130 3550 Clementius
1161 3487 1328 3571 profecte,

127 3607 382 3671 consonamque
405 3589 512 3672 magis
537 3607 610 3650 cum
630 3586 742 3651 indole
765 3609 805 3650 ac
827 3593 947 3651 natura
970 3609 1098 3673 poenae
1122 3589 1328 3654 medicinalis
1382 3617 1384 3620 ·

125 3692 323 3773 excogitari
346 3689 426 3774 quid
441 3710 513 3752 non
536 3687 685 3775 poteratl
727 3689 861 3755 Etenim
884 3698 962 3754 ante
984 3694 1094 3754 omnia
1119 3695 1331 3779 correptione

123 3795 284 3856 fraterna
307 3795 434 3856 animus
457 3797 645 3879 peccatoris
669 3794 850 3858 tentandus
874 3801 964 3878 erat,
995 3803 1097 3879 atque
1121 3799 1177 3880 qui
1200 3799 1235 3858 in
1257 3798 1330 3860 fra-

122 3904 220 3960 trem
241 3904 437 3980 peccantem
461 3904 612 3961 extrcma
636 3900 784 3982 experiri
815 3905 848 3963 et
872 3920 985 3963 coram
1009 3900 1153 3964 ecclesia
1176 3919 1250 3963 eum
1273 3923 1330 3964 ar-

123 4020 238 4084 guere
249 3999 331 4084 vult,
356 4007 455 4064 antea
475 4003 596 4065 iterum
619 3990 721 4089 atque
741 4005 862 4068 iterum
881 4025 955 4068 eum
973 4003 1141 4068 cohortari
1158 4004 1331 4068 familiari·

146 4231 156 4246 .
202 4187 232 4256 *l
251 4191 369 4255 Cypriani
386 4193 467 4256 Epist.
486 4193 555 4243 LXII
574 4195 604 4244 ad
623 4195 710 4258 Pomp.

186 4291 235 4362 aa)
253 4279 446 4358 van'ltspen.
471 4297 535 4347 Part.
552 4298 598 4352 111.
621 4299 658 4350 tit.
677 4299 721 4352 Xl.
740 4301 778 4349 De
797 4301 894 4353 Poenis.
922 4315 943 4352 o.
958 4304 980 4352 1.
1019 4301 1173 4363 EJ‘usdom
1198 4301 1327 4352 Tractatus

119 4383 157 4432 dc
180 4383 307 4433 censuris?
325 4397 345 4431 a.
365 4382 411 4434 ΙΙΙ.
436 4385 457 4442 5.
477 4386 500 4431 2.
775 4383 777 4387 ’

114 4545 118 4554 ,
164 4481 232 4552 ***]
250 4486 337 4540 Marta.
358 4489 406 4548 18.4
417 4502 441 4538 v.
455 4490 565 4542 16-18.
