3184 5222
855 461 898 529 20

280 652 466 716 sententiae
489 653 524 713 in
546 648 630 715 Jure
652 650 707 714 vel
727 654 865 715 statutis
890 655 1078 732 contentae,
1102 671 1243 736 quarum
1265 672 1345 716 usus
1365 649 1464 716 nullus

281 761 343 837 est,
368 763 425 819 aut
447 755 524 840 plus
548 754 656 836 obest,
679 775 780 839 quam
791 753 948 839 prodest,
973 775 1137 839 expressa
1159 757 1373 820 revocatione
1397 776 1465 819 cas-

280 865 437 922 sarentur
459 861 493 921 in
515 860 695 942 provinciis
720 865 753 922 et
777 858 986 922 dioecesibus
1011 860 1100 920 etin
1115 857 1271 922 Ecclesia
1286 859 1466 923 universali.

280 959 478 1044 Expediens
503 963 606 1024 etiam·
626 968 734 1044 esset,
764 961 912 1025 utnulla
936 963 1286 1024 excommunicationis
1309 964 1466 1024 sententia

280 1063 428 1127 ferretur
452 1064 494 1128 de
516 1065 608 1128 facto
632 1085 653 1126 a
676 1061 759 1128 Jure
782 1065 836 1128 vel
853 1065 978 1148 judice,
1001 1083 1109 1149 neque
1131 1085 1193 1148 pro
1210 1068 1391 1148 praesenti,
1412 1086 1466 1128 ne-

282 1187 347 1250 que
375 1189 437 1252 pro
468 1167 600 1249 futuro,
637 1169 702 1232 nisi
732 1189 794 1252 pro
826 1167 1004 1230 manifesta
1034 1171 1260 1249 contumacia,
1299 1189 1366 1252 qua
1399 1171 1466 1252 quis

283 1267 440 1352 ostendit,
471 1290 509 1334 se
530 1291 597 1334 non
618 1277 774 1355 paratum
801 1270 918 1355 audire
940 1267 1201 1352 Ecclesiam.“*)
1248 1269 1343 1347 Quae
1366 1272 1467 1334 omnia

281 1394 452 1456 nunquam
475 1375 739 1436 controversiam
762 1373 1043 1458 contemplatione
1066 1371 1201 1457 dignam
1223 1377 1420 1456 movissent,
1442 1377 1468 1437 si

282 1473 486 1541 Canonistae
511 1477 553 1540 ab
576 1477 671 1539 initio
695 1476 941 1554 distinctionem
962 1475 1053 1540 illam
1078 1478 1165 1540 inter
1187 1497 1314 1560 poenas
1338 1485 1371 1540 et
1395 1497 1468 1542 cen-

281 1600 390 1661 surae,
414 1600 512 1663 quem
536 1586 636 1642 antea
659 1582 809 1663 ignotum
831 1577 1045 1664 Morinus**)
1066 1599 1175 1664 paene
1198 1579 1345 1663 detexit,
1376 1588 1468 1644 acute

280 1685 553 1766 perspexissent,
583 1682 750 1767 clarisque
773 1683 885 1746 verbis
910 1686 1168 1767 expressissent.
1211 1683 1371 1747 Profecto
1394 1683 1469 1746 nihil

282 1785 374 1848 aliud
396 1792 473 1849 sunt
496 1805 657 1849 censurae
679 1784 770 1850 latae
794 1789 997 1868 sententies,
1029 1807 1129 1871 quam
1159 1806 1288 1871 poenae
1311 1804 1401 1850 mere
1422 1790 1469 1850 sic

282 1889 394 1952 dictae
417 1891 488 1952 sive
510 1909 640 1973 poenae
662 1889 896 1953 vindicativae.
929 1888 1019 1966 Quid
1042 1889 1152 1953 enim?
1180 1889 1357 1974 quod-hae
1375 1889 1469 1953 finem

281 1991 510 2056 medicinalem
531 2013 598 2055 non
620 1992 761 2076 habent,
786 1992 864 2057 illae
887 2013 968 2056 vero
990 1995 1089 2058 finem
1111 1992 1341 2057 medicinalem
1363 1996 1469 2057 neuti-

282 2117 382 2181 quam
402 2094 527 2160 habere
550 2117 615 2159 non
638 2095 802 2160 dicantur.
824 2131 863 2145 ——
888 2095 941 2160 Ea
962 2103 1055 2160 certe
1083 2116 1193 2180 poena
1222 2117 1332 2181 poena
1366 2095 1471 2160 medi-

282 2199 397 2263 cinalis
420 2201 537 2262 vocari
558 2202 689 2284 nequit,
724 2219 811 2282 quae
839 2199 930 2263 nulla
953 2201 1182 2263 contumaciae
1205 2203 1393 2285 peccatoris
1416 2221 1471 2262 ra-

281 2305 372 2366 tione
394 2302 510 2365 habita
532 2305 606 2386 ipso
629 2303 721 2365 fecto
744 2285 923 2385 irrogatur.
968 2301 1115 2385 Objiciet
1136 2301 1284 2366 fortasse
1308 2305 1472 2388 quispiam

281 2427 401 2470 nomen
430 2425 601 2470 censurae.
645 2404 920 2488 Respondemus,
952 2425 1024 2466 eum
1056 2404 1169 2488 paullo
1205 2413 1284 2468 ante
1315 2427 1472 2470 censuras

280 2532 347 2573 non
367 2507 553 2572 formaliter
575 2511 608 2569 in
631 2511 760 2571 ratione
785 2527 954 2589 censurae,
979 2506 1039 2570 sed
1061 2508 1094 2568 in
1106 2507 1240 2570 modum
1254 2528 1385 2592 poenae
1399 2511 1476 2571 vin-

283 2612 451 2674 dicativae
473 2612 555 2674 ferri
576 2630 678 2696 posse
701 2609 955 2689 ostenderimus,
979 2609 1164 2673 mirandum
1187 2631 1253 2673 non
1273 2631 1359 2692 esse,
1383 2612 1474 2696 quod

282 2723 317 2780 et
341 2735 502 2788 censurae
523 2714 613 2778 latae
636 2715 821 2778 sententiae
843 2731 962 2778 nomen
986 2713 1216 2776 tantummodo
1232 2733 1394 2778 censurae
1409 2735 1476 2776 non

281 2841 353 2884 rem
373 2822 482 2904 ipsam
506 2817 778 2902 complectantur.
822 2815 927 2881 Verbi
950 2820 1076 2902 gratie,
1108 2820 1137 2880 si
1160 2815 1295 2882 Stichus
1320 2816 1476 2881 clericum

283 2921 451 3008 quendam
472 2923 562 2984 fuste
591 2917 879 3004 percusseritffl)
908 2923 982 3004 ipso
1011 2921 1103 2984 facto
1135 2911 1477 2988 excommunicatione

281 3025 477 3106 innodatur,
498 3026 548 3086 ita
569 3029 606 3086 ut
628 3042 667 3085 eo
691 3029 868 3105 momento,
892 3043 976 3106 quo,
1000 3022 1111 3086 calore
1140 3022 1334 3088 iracundiae
1355 3027 1477 3087 incita-

281 3137 349 3213 tuS,
372 3134 548 3214 peecatum
572 3128 766 3208 committat,
789 3133 841 3189 ter
863 3145 937 3190 eum
960 3148 980 3190 a
999 3127 1112 3210 judice
1132 3130 1302 3209 monitum,
1327 3129 1476 3208 citatum,

282 3235 529 3316 inquisitionem
550 3232 676 3293 factam
699 3251 774 3294 esee
796 3231 952 3315 fingatur.
995 3231 1151 3314 Fingitur
1172 3229 1253 3320 nihil
1281 3229 1371 3294 aliud
1394 3251 1479 3315 pro-

283 3335 385 3419 fecto,
410 3355 511 3420 quam
533 3334 670 3418 dignum
693 3355 768 3398 eum
791 3353 883 3416 esse,
907 3336 964 3417 qui
986 3353 1096 3418 poena
1117 3332 1321 3396 vindicativa
1343 3332 1480 3418 plecta-

283 3447 347 3503 tur.
399 3437 546 3505 Obstare
577 3437 710 3523 quidem
730 3437 864 3502 videtur
900 3440 1108 3523 ,ignorantia
1130 3437 1216 3520 juris
1246 3434 1480 3517 invincibilis“,

285 3563 373 3629 quae
396 3543 527 3606 dicitur.
570 3539 704 3606 Etenim
728 3543 755 3604 si
779 3539 914 3604 Stichus
937 3543 1069 3625 ignoret
1091 3539 1336 3624 invincibihter,
1359 3538 1481 3624 prohi-

284 3647 389 3711 bitum
412 3667 487 3711 esse
511 3645 553 3708 ab
575 3643 730 3709 Ecclesia
758 3645 819 3709 sub
843 3643 1064 3708 anathematis
1086 3664 1213 3728 poena,
1243 3645 1382 3727 nequis
1407 3642 1484 3706 cle-

283 3753 389 3816 ricum
410 3749 574 3814 violenter
603 3748 735 3830 laedat,
770 3747 991 3812 anathematis
1021 3747 1153 3810 vinculo
1180 3767 1248 3810 non
1277 3745 1483 3830 subjacebit,

287 3854 411 3940 quippe
441 3875 538 3939 quem
568 3873 631 3918 nec
654 3859 883 3917 contumacem
905 3871 1029 3916 vocare
1050 3847 1273 3936 possimusi)
1316 3849 1486 3914 Attamen

287 3979 485 4045 quaeramus
514 3957 612 4043 lieet,
654 3977 762 4022 nonne
791 3955 879 4020 idem
909 3975 1042 4040 quoque
1070 3957 1104 4019 in
1133 3974 1243 4041 poena
1272 3952 1486 4018 vindicativa

354 4183 428 4253 *),.v.
445 4187 550 4252 Espen
568 4188 584 4237 l.
602 4203 623 4240 c.

337 4287 578 4356 **)M011nus1.
599 4307 618 4342 e.
638 4293 681 4344 Vl.
699 4293 740 4341 2⁵.

322 4391 382 4460 ‘'ii‘)
401 4410 421 4447 c.
435 4399 460 4446 2.
479 4395 506 4446 (t.
527 4398 566 4446 17.
586 4409 609 4456 q.
629 4399 652 4446 4.
678 4397 707 4446 cr.
727 4399 751 4443 et
770 4407 790 4442 c.
812 4397 850 4445 14.
869 4391 902 4448 X.
918 4395 957 4444 De
973 4397 1036 4446 sent
1054 4394 1117 4446 Exc.
1137 4389 1161 4446 t.
1179 4393 1221 4450 tt.

348 4493 379 4563 e)
397 4499 527 4566 stares,
546 4469 619 4562 orep.
637 4497 680 4550 ιν.
700 4499 725 4548 s.
741 4498 805 4551 vm.
824 4499 865 4550 20.
