3184 5222
729 466 769 532 25

238 663 297 733 IV.
314 664 384 730 ‚Oui
406 661 526 730 similia
550 668 619 728 tum
642 657 822 725 statuenda
835 659 955 744 erunt,
973 679 1056 724 'cum
1077 653 1136 722 lex
1158 661 1217 722 aut
1240 675 1347 722 canon

152 771 378 857 praecipiant,
415 774 556 854 peccato
592 765 738 850 quodam
769 766 961 848 commisse,
995 763 1141 848 judicem
1172 781 1347 826 censuram

152 876 243 940 ferre
265 873 406 954 debere3
429 874 500 935 sive
522 871 580 935 lex
599 873 684 956 ipsa,
708 891 782 932 cum
799 887 971 932 censuram
985 865 1145 930 ferendae
1161 867 1347 930 sententiae

152 975 327 1042 ferendam
356 995 432 1040 esse
462 971 647 1057 statuatf)
694 971 793 1049 Quod
824 991 927 1056 saepe
956 971 1012 1050 fit,
1051 969 1186 1053 quando
1221 970 1346 1033 abusus

155 1085 271 1144 contra
301 1079 410 1163 legem
443 1077 536 1141 illam
569 1075 742 1161 paullatim
765 1074 1004 1154 introductus,
1047 1070 1250 1136 coercendus
1285 1080 1347 1136 est.

153 1181 277 1245 Procul
307 1181 407 1245 dubio
439 1187 552 1261 erunt,
591 1181 648 1264 qui
676 1177 854 1259 hocloco,
892 1176 1001 1260 legem
1030 1177 1138 1259 ipsam
1168 1174 1347 1240 admonere

154 1286 252 1368 quasi
273 1283 431 1368 quotidie,
454 1289 618 1367 repetent.
663 1280 824 1344 Attamen
847 1276 1124 1342 considerandum
1146 1285 1198 1341 est
1215 1279 1271 1361 jus
1288 1285 1348 1342 aut

154 1407 276 1471 canon,
307 1408 382 1450 cnm
410 1389 444 1449 in
475 1407 556 1450 casu
586 1384 731 1471 quodam
761 1403 934 1448 censuram
957 1381 1000 1444 ab
1023 1382 1152 1444 homine
1175 1380 1347 1444 ferendam

155 1509 230 1555 esse
253 1497 414 1573 statuant,
436 1488 516 1553 nihil
539 1488 627 1576 aliud
650 1495 810 1570 statuere,
834 1506 949 1571 quam;
972 1491 1009 1547 ut
1033 1482 1275 1560 admonitione,
1298 1486 1349 1547 ci·-

153 1595 299 1675 tatione,
332 1595 544 1678 inquisitione
577 1591 719 1676 denique
751 1590 901 1674 diligenti
922 1589 1109 1672 praemissa
1132 1573 1272 1652 censur'a
1294 1587 1349 1653 fe·-

154 1703 258 1766 ratur,

239 1798 280 1864 V.
309 1798 398 1876 Quid
421 1817 513 1882 vere,
537 1800 566 1862 si
589 1800 662 1882 quis
683 1797 842 1862 ferociter
861 1794 1024 1880 jactando
1048 1815 1084 1858 se
1100 1814 1268 1878 nunquam
1282 1814 1348 1879 pa·-

154 1906 293 1968 riturum
324 1923 416 1985 csse,
452 1904 554 1965 etiam
583 1900 701 1965 millies
731 1901 934 1964 admonitum
964 1903 1158 1980 citatnmve,
1190 1900 1348 1981 exiguam

154 2005 384 2069 tantummodo
414 2026 508 2090 spem
538 2006 761 2069 admonitione
790 2011 918 2066 tantam
940 2003 1182 2066 contumaciam
1202 2001 1348 2064 fractum

152 2111 194 2172 iri
221 2108 409 2194 praebeat?
458 2107 714 2173 admonitionem
747 2116 819 2171 tum
846 2127 986 2192 prorsus
1021 2104 1238 2168 omittendam
1272 2125 1348 2168 esse

149 2211 359 2297 judicemus?
397 2209 499 2276 Certe
522 2219 643 2293 autem,
674 2214 702 2274 si
729 2231 847 2296 parum
876 2212 949 2294 spei
971 2215 1144 2293 superest,
1175 2227 1277 2292 agere
1299 2210 1348 2271 ita

153 2317 346 2399 neutiquam
367 2303 545 2395 debemus,
578 2335 617 2376 ac
646 2317 674 2378 si
704 2315 795 2378 nulla
827 2316 956 2377 omnino
980 2315 1143 2397 supersit3
1178 2332 1252 2374 cum
1274 2333 1349 2374 ma·-

153 2419 278 2480 ximam
308 2437 443 2501 quoqne
474 2416 729 2481 obstinationem
758 2418 870 2502 frangi
897 2437 999 2501 posse
1022 2421 1163 2478 constet.
1209 2413 1348 2500 Saepis-

155 2523 235 2584 sime
260 2523 344 2583 enim
366 2521 421 2601 fit,
452 2527 488 2584 ut
518 2522 618 2583 nimia
648 2522 827 2584 verborum
856 2521 1045 2606 pervicacia
1070 2518 1348 2604 vehementiaque

153 2621 410 2708 pusillanimitas
434 2623 599 2707 quaedam
622 2623 750 2708 logisve
773 2626 895 2687 tacitus
919 2631 1093 2708 respectus
1117 2630 1264 2707 tegatur,
1291 2625 1348 2706 qui

156 2728 409 2790 comminatione
432 2747 593 2790 censurae
616 2726 772 2790 facillime
795 2733 956 2790 movetur.
1001 2726 1079 2790 dam
1102 2746 1183 2790 vero
1206 2733 1243 2790 ut
1267 2745 1348 2788 con·

154 2828 309 2892 cedamus
333 2829 396 2890 hac
417 2831 451 2891 in
474 2849 510 2893 re
533 2828 657 2893 nullum
679 2831 812 2915 penitus
836 2830 991 2893 effectum
1013 2829 1244 2893 admonitionis
1263 2828 1347 2911 fore,

153 2930 304 3016 regulam
328 2919 400 3017 ca'p.
417 2933 447 2996 5.
469 2932 521 2996 De
546 2931 637 2998 Sent.
660 2932 745 2996 Exc.
787 2933 826 2996 In
849 2932 906 2998 VL
929 2933 1005 2997 idco
1028 2932 1155 2996 violare
1177 2952 1244 2997 non
1264 2952 1347 3016 pos-

154 3055 284 3117 sumus3
315 3037 393 3118 quia
425 3034 548 3100 malum
578 3044 669 3100 certe
699 3025 1028 3121 majus‘solennitate
1051 3036 1133 3099 alias
1157 3037 1348 3099 necessaria

152 3137 253 3221 plane
283 3137 455 3222 neglecta,
495 3133 646 3202 accidere
677 3139 781 3221 solet,
818 3160 917 3224 quam
940 3137 1164 3203 admonitione
1189 3141 1348 3202 canonica

154 3242 255 3304 etiam
285 3248 356 3302 tum
385 3243 588 3327 praemissa,
623 3263 697 3304 cum
727 3263 805 3328 spes
836 3242 926 3307 nulla
957 3263 1030 3306 eam
1061 3243 1232 3306 efficacem
1261 3241 1346 3324 fore,

152 3344 251 3408 adsit.
279 3344 332 3407 De
356 3365 422 3429 qua
445 3365 482 3409 re
504 3344 679 3432 praeclare
696 3343 953 3431 Suareaius**):
978 3345 1116 3431 „Neque
1135 3346 1240 3418 refert
1257 3345 1348 3430 quod

153 3449 198 3512 sit
220 3466 341 3532 parva,
372 3448 426 3511 vel
449 3448 620 3516 moraliter
643 3449 733 3513 nulla
756 3470 834 3533 spes
858 3449 935 3513 talis
958 3451 1147 3513 mutationis
1171 3447 1347 3532 (emenda-

151 3550 252 3612 tionis
276 3549 401 3614 scilicet
423 3551 643 3636 peccatoris):
681 3558 752 3632 qaia
782 3557 836 3614 tor
865 3574 928 3616 noa
950 3557 1035 3628 tollit,
1060 3557 1133 3630 qaia
1154 3555 1199 3612 illi
1220 3573 1347 3614 servan-

152 3656 226 3712 dam
248 3657 286 3712 sit
304 3657 356 3727 jac
378 3674 465 3714 saum
475 3701 561 3719 .....
583 3654 682 3718 Unde
705 3654 782 3719 talis
806 3655 986 3719 admonitio
1017 3675 1083 3718 non
1105 3655 1264 3718 fundatur
1287 3676 1346 3719 so-

149 3754 275 3817 lumin
297 3776 358 3841 spe
380 3757 521 3841 fructae,
544 3757 605 3821 sed
629 3761 729 3821 etiam
750 3761 784 3822 in
807 3758 920 3824 debito
945 3766 978 3822 et
999 3759 1143 3843 juridico
1163 3780 1225 3822 usu
1239 3761 1344 3844 ipsius

153 3857 346 3925 censurac.“
476 3923 481 3930 ,

239 3961 297 4026 Vl
331 3963 475 4028 Netum
499 3964 650 4049 quidem,
674 3986 748 4030 cnm
769 3967 926 4034 delictum
947 3968 1112 4032 notorium
1135 3969 1345 4034 commissum

151 4066 294 4152 ejusque
318 4073 433 4133 auctor
463 4071 612 4156 notorius
636 4072 695 4152 sit,
724 4071 902 4134 admonitio
925 4071 1034 4134 omitti
1054 4075 1177 4156 potest.
1220 4070 1345 4135 Parum
1416 4134 1420 4145 ,

151 4172 240 4236 enim
262 4171 368 4235 refert
389 4173 572 4236 notorietas
597 4171 720 4257 delicti,
745 4181 780 4238 et
800 4174 836 4238 id
851 4173 1058 4239 solummodo
1074 4172 1346 4238 animadverten-

221 4392 250 4460 ³)
268 4396 396 4446 Suarcz:
415 4397 486 4462 Diep.
496 4397 538 4447 111.
557 4399 621 4452 sect.
633 4399 665 4450 X.
685 4403 808 4456 lta-cf.
827 4405 851 4451 at
869 4401 985 4466 Kober,
1004 4399 1228 4454 dorlllrohenbann
1246 4415 1271 4465 p.
1283 4403 1343 4454 lto.

204 4496 250 4569 **)
269 4501 388 4554 suarez
407 4503 425 4558 1.
443 4517 463 4556 c.
483 4517 552 4559 uum.
571 4505 596 4559 8.
1143 4503 1146 4515 '
