3184 5222
825 831 896 926 V„

252 1009 432 1108 Quaenam
464 1015 574 1099 torma
611 1020 643 1095 iu
676 1019 927 1124 praemittenda
961 1023 1150 1103 monitione
1183 1024 1357 1104 servanda
1389 1029 1441 1106 sit.

255 1315 258 1328 ι
337 1233 415 1300 Jam
444 1256 525 1299 vcro
555 1237 736 1318 secundum
765 1247 980 1327 praeceptum
1008 1239 1142 1304 Domini
1174 1261 1237 1304 usu
1271 1247 1443 1328 receptum

252 1346 320 1420 cst,
352 1345 429 1402 ante
453 1360 625 1403 censuram
648 1340 767 1423 semel⁷
797 1344 935 1425 iterum,
966 1350 1068 1427 atque
1100 1346 1200 1406 tertio
1230 1345 1440 1410 criminosum

252 1435 437 1525 admoneri,
468 1446 619 1527 quamvis
646 1463 753 1529 neque
784 1445 888 1508 verba
919 1443 1066 1529 allegata
1089 1452 1246 1510 accurate
1268 1446 1303 1510 id
1326 1449 1444 1531 expri-

251 1563 342 1606 mere
371 1543 564 1628 videantur,
600 1567 708 1631 neque
737 1567 927 1642 ‘congruere
957 1548 1111 1612 videatur
1146 1551 1312 1612 sententia
1344 1548 1443 1613 Pauli

170 1648 173 1653 ’
252 1654 368 1710 contra
390 1647 595 1712 haereticum
618 1672 690 1714 cum
713 1650 773 1714 tali
797 1649 1087 1732 consuetudine.*)
1134 1649 1298 1727 Quoniam
1332 1659 1443 1716 autem

251 1751 338 1811 trina
360 1752 427 1814 ista
450 1751 630 1815 admonitio
661 1757 742 1816 satis
775 1761 847 1816 erat
878 1754 920 1815 ad
949 1737 1159 1838 probandam
1191 1757 1441 1827 contumaciam,

250 1850 327 1917 hinc
350 1863 540 1940 competens
565 1861 597 1918 et
621 1859 778 1920 canonica
801 1858 889 1920 dicta
912 1839 1035 1938 est.**)

339 1957 429 2034 Quid
450 1979 530 2022 vero
554 1980 627 2020 cum
649 1980 710 2022 nec
731 1958 824 2022 locus
847 1980 907 2022 nec
930 1966 1060 2045 tempus
1084 1960 1214 2044 plenius
1238 1959 1443 2024 deliberandi

252 2060 422 2148 consilium
445 2064 632 2146 patientum
670 2071 807 2148 utputa,
838 2064 866 2126 si
888 2071 1029 2146 paratae
1058 2066 1124 2126 sint
1145 2070 1261 2148 partes
1285 2063 1328 2126 ad
1351 2083 1443 2129 arma

253 2165 350 2228 etad
372 2167 583 2228 monitionem
606 2165 766 2251 Episcopi
790 2168 1053 2250 supervenientis
1076 2164 1181 2228 nolint
1204 2186 1224 2227 a
1246 2186 1359 2250 pugna
1383 2167 1443 2230 de-

254 2265 466 2349 sistere.***)
513 2265 706 2352 Cujusmodi
737 2268 954 2332 difficultates
990 2271 1195 2354 perspiciens
1234 2268 1443 2352 Romanique

256 2369 403 2460 fortasse
422 2370 507 2454 juris
530 2371 718 2455 exemplum
741 2378 818 2434 ante
841 2371 955 2434 oculos
977 2369 1153 2452 habens†)
1176 2371 1323 2454 synodus
1347 2369 1443 2456 Lug-

252 2471 406 2535 dunensis
431 2472 492 2535 sub
507 2471 672 2557 Gregorio
695 2475 820 2538 decimo
844 2474 973 2557 habita,
997 2493 1095 2536 unam
1115 2476 1186 2537 sive
1208 2476 1443 2558 peremtoriam

251 2595 313 2660 pro
337 2575 443 2638 tribus
467 2576 743 2640 admonitionibus
763 2577 929 2661 judicibus
952 2579 1103 2661 permisit
1125 2576 1217 2640 hisce
1239 2577 1351 2640 verbis
1361 2575 1444 2660 11);

253 2674 458 2760 „Statuimus
483 2699 615 2765 quoque
638 2686 674 2740 ut
697 2681 783 2741 inter
805 2681 1013 2762 monitiones,
1037 2701 1120 2765 quas
1138 2685 1174 2742 ut
1192 2682 1347 2743 canonice
1362 2701 1445 2766 pro-

252 2780 417 2865 mulgetur
440 2783 787 2845 excommunicationis
812 2785 978 2845 sententia
1001 2789 1151 2845 statuunt
1170 2782 1248 2864 jura
1263 2785 1443 2868 praemitti,

163 2970 167 2975 ι
248 2885 378 2969 judices
402 2887 472 2948 sive
496 2886 728 2948 monitionibus
752 2886 860 2948 tribus
883 2893 1039 2966 utantur,
1070 2887 1141 2947 sivo
1164 2905 1229 2947 una
1251 2906 1314 2970 pro
1339 2887 1446 2949 omni-

252 2987 325 3068 bus,
349 2987 528 3050 observent
551 2987 735 3073 aliquorum
759 2989 884 3050 dierum
908 2990 1130 3072 competentia
1151 2987 1348 3070 intervalla,
1382 2991 1446 3051 nisi

252 3091 333 3154 facti
356 3094 539 3154 necessitas
563 3092 659 3154 aliter
683 3113 722 3154 ea
746 3094 889 3154 suaserit
905 3090 1138 3154 moderanda.“
1171 3093 1312 3156 Temere
1330 3099 1443 3154 autem

248 3194 378 3278 judiees
395 3195 637 3278 „peremtorio“
652 3195 719 3276 illo,
743 3195 816 3257 loco
839 3196 946 3256 trinae
969 3193 1201 3258 admonitionis
1223 3198 1271 3258 uti
1293 3216 1359 3258 non
1384 3195 1445 3257 de-

252 3283 349 3378 bent3
380 3318 479 3381 qnam
508 3317 578 3363 rem
607 3297 712 3360 fusius
742 3305 867 3360 tractat
890 3296 1161 3381 Ugolinus.†††)
1206 3297 1293 3360 Nam
1316 3298 1441 3362 solum·
1514 3347 1521 3356 .

253 3402 361 3486 mod0‚
385 3422 458 3464 cum
479 3403 663 3464 necessitas
684 3400 739 3463 vel
749 3401 827 3486 jura
847 3400 937 3462 aliud
953 3403 1167 3479 constituant,
1191 3400 1446 3485 ubipericulum

253 3508 297 3589 sit
319 3508 352 3566 in
375 3525 478 3586 mora,
500 3503 555 3567 vel
569 3505 750 3567 monendus
776 3507 870 3566 nimis
895 3503 1052 3566 terribilis
1076 3507 1231 3586 monenti,
1256 3511 1446 3590 „peremtus

253 3608 357 3672 rium“
390 3608 539 3671 adhiberi
568 3628 669 3692 posse
700 3611 764 3690 ait,
802 3607 1054 3690 Romanumque
1088 3607 1223 3670 tandem
1255 3607 1447 3691 pontificem

323 3813 354 3883 *)
373 3819 411 3867 De
429 3833 478 3880 quo
496 3817 553 3867 vido
571 3832 653 3880 supra.
672 3818 717 3868 sub
736 3818 769 3870 11.
787 3839 823 3850 -
840 3818 928 3866 Forma
951 3819 993 3865 illu
1011 3819 1092 3865 trinae
1110 3816 1289 3867 admonitionis
1308 3821 1359 3865 tem
1376 3817 1448 3880 parvi

254 3905 372 3954 momenti
391 3904 488 3953 videtur
506 3917 565 3962 esee,
584 3909 613 3952 ut
631 3909 654 3952 et
673 3905 737 3953 elius
755 3903 905 3953 admonendi
923 3905 981 3954 ordo
1000 3919 1015 3952 e
1032 3901 1242 3967 sylvestropepe
1259 3904 1318 3953 oiim
1335 3908 1447 3952 servatus

256 3993 470 4040 commemoretur:
490 3991 516 4038 in
536 4004 558 4041 o.
572 3993 595 4038 2.
615 3989 681 4042 (1.1.
701 4005 723 4052 q.
737 3994 761 4044 2.
798 3991 985 4053 Quinquies
1003 3991 1130 4060 admoneri
1147 3990 1210 4041 vuit.

305 4090 351 4158 **)
370 4094 490 4144 cerati.
510 4093 571 4146 inst.
591 4095 650 4156 cup.
664 4096 704 4146 35.
723 4096 744 4153 §-
760 4098 799 4143 17.
825 4095 942 4143 (ilonea
960 4095 990 4142 ed
1009 4094 1069 4158 (iep.
1089 4095 1131 4147 48.
1149 4094 1182 4147 Χ.
1200 4095 1238 4142 De
1255 4093 1324 4147 sont.
1343 4107 1396 4144 axe.

290 4193 349 4264 ***J
368 4198 528 4259 regnant,
548 4197 642 4250 Oomm.
660 4198 693 4246 ed
711 4197 737 4248 O.
757 4198 829 4248 Sacro
850 4201 872 4249 1.
897 4197 1060 4248 Gonzaiez
1078 4197 1199 4260 Tella,
1219 4196 1321 4250 Eodem.

324 4299 355 4368 1)
374 4305 406 4352 53
424 4301 483 4362 Dig.
501 4302 544 4352 42.
564 4305 586 4352 l.

307 4402 353 4471 11)
373 4408 387 4454 9
405 4404 444 4454 De
462 4409 525 4456 rent.
544 4419 595 4456 exc.
620 4405 648 4457 ln
668 4405 708 4457 Vl.
729 4409 751 4456 i.
772 4409 813 4458 11.

291 4506 356 4576 111)
373 4509 531 4572 ugolinus
549 4509 565 4563 t
585 4524 606 4564 e.
625 4525 652 4575 p.
666 4511 724 4560 259.
