3184 5222
835 393 854 462 8

248 582 497 670 Boehmer*)
527 583 696 658 invehitur
726 587 761 648 in
796 583 981 652 doctrinam
1012 607 1151 673 prorsus
1184 610 1323 674 novam,
1352 598 1386 656 et
1407 561 1478 656 irs

250 690 389 756 cerebro
413 687 690 780 scholasticorum
712 711 778 753 non
802 692 1037 775 antiquitatum
1058 695 1198 778 peritia,
1229 693 1290 759 sed
1311 696 1441 761 fecibus

250 800 482 880 corruptarum
506 793 732 872 doctrinarum
753 793 890 875 imbuto,
921 801 1043 858 natam.
1088 793 1158 861 Sed
1181 818 1317 882 quaero,
1343 799 1441 864 diffe-

250 902 358 964 rentia
387 897 445 962 illa
475 898 561 961 inter
593 885 751 961 censuras
780 895 977 984 poenasque
999 897 1240 965 fundamentali
1263 904 1440 986 existente,

249 1025 327 1068 num
350 1001 466 1066 melius
489 999 591 1065 fuerit
613 1019 687 1063 eam
710 1001 870 1084 detegere
894 1000 1060 1086 planeque
1084 1006 1226 1088 operire,
1250 1026 1351 1089 quam
1366 1005 1442 1070 diu-

250 1110 316 1171 tius
347 1112 478 1186 tacere,
507 1103 719 1188 tacendaque
749 1103 995 1190 perturbationi
1023 1105 1157 1190 fovere,
1189 1129 1274 1192 quac
1298 1109 1442 1193 judices,

249 1207 425 1291 mehercle,
450 1208 556 1290 magis
573 1205 774 1292 expeditura
789 1209 843 1289 sit,
868 1228 968 1293 quam
980 1208 1205 1294 judicandos?
1228 1211 1281 1290 De
1296 1215 1442 1298 propriis

249 1335 330 1380 vero
352 1313 451 1378 notis
473 1318 506 1375 et
536 1309 786 1374 characteribus
816 1331 999 1396 poenarum
1018 1307 1331 1402 vecclesiasticarum
1353 1337 1443 1380 mere

250 1421 298 1482 sic
322 1416 487 1480 dictarum
510 1420 544 1478 et
566 1435 795 1497 censurarum,
820 1435 1021 1500 quamquam
1042 1419 1128 1482 inter
1152 1439 1264 1482 omnes
1288 1418 1443 1484 decreta-

249 1522 330 1586 lium
351 1522 553 1604 interpretes
577 1524 611 1582 et
633 1516 811 1602 theologos
834 1517 1056 1604 scholasticos
1079 1542 1145 1584 non
1164 1525 1328 1604 convenit,
1352 1543 1444 1587 com-

250 1627 379 1688 munior
403 1629 513 1686 tamen
537 1628 570 1685 et
592 1623 759 1705 receptior
782 1625 948 1686 sententia
970 1625 1018 1687 ita
1040 1623 1153 1707 babet,
1175 1646 1318 1710 poenam
1334 1625 1444 1690 eccle-

251 1730 421 1792 siasticam
443 1725 679 1818 vindicativam
700 1727 734 1787 in
754 1728 960 1810 punitionem
988 1733 1022 1792 et
1051 1727 1233 1792 vindictam
1263 1732 1443 1812 criminum,

251 1851 425 1918 censuram
453 1821 534 1894 vero
564 1832 599 1892 in
629 1829 894 1895 emendationem
916 1838 950 1894 et
972 1831 1170 1896 medicinam
1190 1834 1332 1918 imponi,
1365 1835 1445 1897 item

250 1935 342 2000 illam
364 1940 485 1998 natura
508 1954 568 1998 sua
587 1940 786 2019 perpetuam
810 1955 894 2018 ease,
918 1935 1004 1998 banc
1026 1955 1118 2018 vero,
1141 1941 1259 2021 utpote
1281 1938 1315 1999 in
1331 1957 1445 2001 emen-

253 2040 421 2103 dationem
443 2039 642 2122 impositam,
666 2036 708 2100 ab
733 2037 964 2102 ecclesiastica
985 2045 1157 2124 potestate
1177 2040 1252 2126 jure
1265 2039 1444 2122 ordinario,

253 2143 461 2208 contumacia
490 2142 679 2227 peccatoris
709 2140 829 2225 fracta,
861 2141 933 2224 tplli
952 2149 1062 2226 posse.
1116 2141 1300 2220 Quaerenti
1331 2146 1444 2228 igitur,

252 2247 333 2333 quid
356 2247 399 2310 sit
423 2265 564 2310 censura
587 2241 816 2308 ecclesiastica
839 2247 970 2309 minime
989 2244 1062 2308 sola
1077 2248 1268 2330 partitione,
1290 2253 1328 2312 ut
1343 2245 1446 2311 Inno-

252 2352 380 2416 centius
403 2346 532 2431 111,·¹⁵*)
564 2369 680 2412 ansam
703 2347 897 2434 disputandi
920 2348 1089 2433 dabimus',
1122 2356 1234 2414 utrum
1256 2349 1447 2434 adaequate

253 2461 286 2518 et
309 2451 473 2538 complete
498 2471 610 2516 omnes
634 2455 765 2537 species
784 2473 1000 2517 censurarum
1013 2453 1067 2517 bic
1081 2451 1209 2517 relatae
1225 2453 1360 2536 fuerint,
1384 2455 1445 2518 sed

252 2577 426 2623 censuram
449 2575 523 2619 eam
546 2575 621 2619 esse
641 2576 783 2640 poenam
806 2556 1014 2641 spiritualem
1041 2555 1328 2642 respondebimus,
1352 2559 1445 2642 cujus

251 2663 326 2724 finis
350 2667 385 2725 et
408 2679 530 2744 scopus
554 2660 598 2722 sit
619 2659 835 2726 medicinalis

341 2762 436 2842 Quae
459 2783 533 2826 cum
554 2764 603 2825 ita
626 2765 708 2846 sint,
739 2766 773 2827 in
804 2767 952 2829 censuris
976 2764 1031 2830 vel
1052 2767 1168 2850 poenis
1193 2753 1445 2830 medicinalibus

252 2867 400 2933 ferendis
423 2887 632 2951 summopere
654 2866 900 2952 respiciendum
922 2888 997 2933 esse
1020 2871 1163 2933 animum
1186 2870 1362 2948 criminosi,
1385 2888 1446 2930 an-

252 2980 390 3056 tequam
413 2973 536 3035 crimen
557 2973 816 3055 perpetraverit,
838 2978 949 3056 patet3
989 2971 1333 3056 dignoscendumque,
1366 2962 1471 3036 con?
1507 2976 1516 2989 ”

253 3077 399 3140 tumacia
422 3096 500 3138 num
522 3073 620 3139 adsit.
664 3072 798 3138 Etenim
821 3095 905 3158 eum,
929 3095 1028 3160 quem
1050 3095 1159 3159 poena
1183 3075 1361 3140 emendare
1383 3097 1447 3140 vo-

253 3180 378 3262 lumus,
412 3177 654 3264 psycbologica
684 3178 851 3262 quaedam
882 3181 1090 3264 experientia
1120 3200 1186 3243 non
1214 3182 1306 3265 prius
1338 3199 1447 3265 poena

154 3339 159 3348 .
254 3281 468 3345 afficiendum
491 3302 566 3346 esse
588 3303 648 3346 nos
673 3281 782 3365 docet,
807 3302 906 3366 quam
922 3303 1032 3367 poena
1046 3303 1083 3347 re
1098 3303 1190 3366 vera,
1213 3291 1250 3347 ut
1265 3285 1313 3346 ita
1328 3282 1446 3365 dicam,

255 3384 393 3468 dignum
418 3405 493 3449 sese
517 3405 602 3467 esse,
627 3392 855 3450 contumacem
877 3387 1027 3449 nimirum
1043 3407 1080 3450 se
1097 3386 1291 3452 ostenderit.
1315 3385 1446 3452 Graves

253 3487 331 3551 binc
353 3497 535 3554 nascuntur
559 3487 767 3555 differentiae
789 3491 876 3552 inter
898 3510 1040 3574 poenam
1062 3490 1298 3554 vindicativam
1317 3496 1352 3554 et
1368 3511 1447 3553 cen-

256 3607 368 3656 suram
399 3592 511 3678 quoad
540 3593 674 3658 modum
702 3591 916 3677 procedendi.
960 3593 1108 3658 Poenam
1132 3597 1217 3658 enim
1241 3592 1447 3658 ecclesiasti-

324 3797 352 3867 *)
370 3804 417 3854 Jus
436 3803 627 3854 ecclesiasticum
644 3804 688 3854 lib.
699 3803 730 3855 V.
753 3801 792 3854 tit.
803 3802 931 3854 XXXVII.
953 3803 990 3851 De
1008 3803 1096 3854 Poenis
1116 3805 1147 3852 13
1157 3817 1195 3866 sq.
1212 3803 1264 3853 Nec
1281 3817 1340 3867 non,
1360 3819 1447 3867 qusn-

256 3901 330 3950 qusm
353 3889 493 3953 remissius,
518 3890 535 3941 J
541 3891 585 3939 oh.
604 3889 766 3939 Marinus:
795 3890 833 3938 Dc
857 3890 990 3954 discipline
1014 3891 1041 3939 in
1066 3891 1278 3942 administratione
1303 3894 1447 3942 sacramenti

255 3975 431 4038 poenitentias.
456 3977 499 4028 lib.
519 3977 563 4029 VI.
582 3990 634 4039 esp.
650 3978 691 4028 25.
712 3979 753 4028 12.

307 4076 351 4146 ²³⁸)
370 4085 441 4131 c.20.
452 4083 484 4133 X.
503 4083 540 4132 Dc
558 4085 631 4136 Verb.
650 4084 735 4143 signif.
760 4083 900 4146 Quaerenti,
920 4083 981 4146 quid
998 4095 1041 4145 per
1059 4095 1187 4133 censuram
1201 4082 1388 4132 ecclesiasticam
1404 4081 1447 4131 de·

255 4173 312 4223 beat
330 4170 441 4235 intelllgi,
460 4184 517 4218 cum
535 4171 610 4232 hujus
628 4169 697 4219 modi
714 4170 850 4219 clausulam
873 4171 900 4219 in
920 4171 1012 4220 nostris
1030 4171 1106 4219 literis
1124 4170 1286 4232 apponimus,
1314 4169 1447 4232 responde·

255 4270 321 4322 mus,
340 4257 408 4320 quod
424 4270 467 4319 per
485 4271 539 4304 sum
557 4269 609 4305 non
628 4257 710 4305 solum
727 4256 867 4319 interdicti,
891 4257 934 4307 sed
952 4257 1121 4322 suspensionis
1143 4259 1166 4305 ct
1183 4253 1447 4306 excommunicationis

257 4345 381 4394 sententis
398 4345 478 4394 valcat
495 4343 609 4405 intelligi,
627 4342 677 4393 nisi
692 4343 772 4406 judex
790 4343 917 4406 discretus,
936 4357 1016 4396 rarum
1035 4347 1059 4394 et
1076 4355 1236 4408 personarum
1256 4341 1447 4395 circumstantiis

257 4435 380 4498 indagatis
398 4436 465 4498 istst,
485 4423 560 4500 tinem
577 4431 657 4497 magis
675 4430 766 4484 viderit
783 4431 912 4498 expilasse.
