3184 5222
755 423 893 532 ¹14

280 654 428 723 Concilio
465 655 670 744 Agathone,
711 677 741 720 a.
769 651 843 721 506.
877 657 970 741 hab,
1001 655 1191 743 protectum
1221 677 1296 725 esee
1319 649 1463 748 apparet.

277 761 411 828 Etenim
435 761 479 826 ad
503 761 777 844 consuetudinem
801 760 902 826 valde
924 761 1147 847 periculosam
1164 770 1291 836 temere
1312 767 1464 830 innocen-

277 874 330 930 tes
354 863 663 930 excommunicandi
681 863 950 948 refraenandum,
974 866 1143 949 statuitur,
1166 873 1204 929 ut
1219 865 1392 954 Episcopi,
1414 871 1465 954 qui

194 972 199 980 '
276 973 471 1034 innocentes
511 971 799 1033 excommunicare
839 972 1142 1055 praesumpserint,
1184 992 1205 1034 a
1245 974 1464 1036 communione

279 1071 472 1138 Christiana
494 1071 717 1157 repellantur,
740 1074 803 1135 uisi
827 1075 941 1136 moniti
964 1093 984 1135 a
1006 1075 1122 1137 vicinis
1144 1071 1323 1160 Episcopis
1346 1093 1464 1161 parue-

276 1180 353 1243 rint.
375 1211 416 1225 -—
439 1175 565 1241 Verum
589 1178 674 1241 enim
696 1195 777 1240 vero
807 1183 957 1241 uestram
986 1177 1220 1246 admonitionis
1251 1179 1415 1242 theoriam
1435 1182 1465 1243 in

278 1301 459 1356 commune,
482 1287 519 1344 ut
543 1279 664 1352 dicitur
687 1287 859 1366 receptam
883 1301 975 1364 esse,
1006 1280 1180 1366 permultis
1201 1281 1284 1346 locis
1309 1280 1464 1368 Corporis

274 1386 360 1470 juris
384 1383 545 1449 Canonici
568 1382 784 1470 probaturi>
830 1383 860 1447 E
884 1383 1003 1469 quibus
1033 1405 1134 1448 unum
1155 1386 1385 1469 tantummodo
1407 1406 1466 1450 ne-

278 1509 343 1574 que
365 1495 477 1553 tamen
499 1489 702 1552 levissimum
725 1507 1003 1553 commemorasse
1027 1487 1247 1572 sufficiettt)
1291 1489 1384 1554 Dicit
1403 1492 1465 1575 igi-

276 1600 331 1656 tur
359 1592 571 1657 Innocentius
594 1591 667 1656 IV.:
698 1591 900 1674 „Caeterum
922 1589 1108 1674 interdicti,
1140 1589 1466 1679 suspensionis‚.vcl

277 1699 628 1762 excommunicationis
659 1699 844 1761 sententias
873 1696 960 1776 latas
991 1695 1034 1759 ab
1065 1696 1264 1762 officialibus
1287 1696 1466 1761 Archidia-

199 1853 202 1862 .
278 1822 445 1884 cenorum,
465 1809 525 1866 seu
540 1800 745 1885 quibuslibet
760 1801 834 1864 aliis
846 1800 1112 1883 jurisdictionem
1127 1799 1329 1864 habentibus
1345 1801 1467 1866 suffra·
1495 1819 1496 1824 ¹

277 1925 460 1990 ganeorum
482 1905 619 1969 Remen.
642 1904 805 1968 ecclcsiae
835 1904 995 1987 subditis,
1026 1905 1202 1968 Remensis
1230 1901 1466 1988 Archiepisco-

277 2031 340 2095 pus
364 2017 398 2074 et
421 2009 492 2092 ejus
524 2008 685 2073 officiales
710 2010 840 2074 omissis
870 2010 951 2092 ipsis
984 2007 1378 2076 excommunicationibus
1402 2027 1467 2071 non

276 2113 449 2178 relaxent:
478 2112 574 2194 salva
603 2114 771 2176 contraria
800 2131 902 2196 super
930 2110 995 2175 hoo
1024 2110 1282 2194 consuetudine,
1313 2113 1342 2174 si
1368 2129 1468 2196 quam

276 2218 410 2282 babent.
454 2217 561 2280 Porro
585 2217 962 2280 excommunicationum
987 2218 1174 2296 sententiae
1197 2237 1219 2278 a
1239 2215 1376 2284 Romen.
1398 2213 1467 2280 Ar-

278 2321 492 2408 chiepiscopo
515 2322 651 2403 suisque
675 2317 872 2382 officialibus
896 2317 1097 2403 generaliter
1116 2318 1362 2405 promulgatae,
1386 2319 1467 2383 sub-

273 2424 384 2509 J'ectes
409 2423 559 2508 ejusdem
577 2421 803 2506 jurisdictioni
824 2421 1080 2509 Archiepiscopi
1102 2431 1231 2489 tautum
1253 2423 1369 2508 ligant.
1407 2424 1469 2484 Sed

269 2549 333 2604 'uec
361 2533 395 2590 im
421 2532 515 2605 specie
543 2547 597 2589 mec
625 2531 661 2587 ia
687 2546 796 2604 penore
820 2545 881 2603 pro
909 2531 1004 2604 culpis
1033 2539 1060 2588 et
1073 2585 1074 2588 ,
1089 2531 1206 2606 offerrem
1228 2529 1469 2605 praeteriisset

201 2625 206 2630 ’
276 2632 502 2709 praesentibus,
529 2635 870 2693 excommunicationum
891 2637 1052 2693 sententias
1074 2632 1184 2710 absque
1206 2635 1381 2708 competenti
1402 2649 1468 2690 mo-

270 2739 392 2798 nitione
410 2739 581 2814 piormisso
600 2737 831 2812 promctpecm,
862 2741 896 2798 et
918 2738 946 2798 si
969 2743 1087 2819 contra
1108 2735 1424 2874 praesumpserint
1415 2753 1468 2796 m·

274 2840 387 2925 justas
410 2841 563 2905 noverint
586 2857 662 2904 esse
683 2837 827 2908 illas..
770 2836 787 2872 “

848 3113 897 3206 H,
1046 3117 1049 3122 “
1573 3163 1574 3166 ,

308 3295 543 3402 Praeceptum
574 3325 649 3404 cap.
671 3299 713 3378 V.
751 3301 807 3380 De
838 3301 1024 3380 Sententia
1051 3273 1437 3385 Exoommunioalionis

546 3442 581 3516 ln
612 3438 672 3518 Vl.
706 3430 814 3518 5411.
848 3451 1021 3546 quaterem
1052 3442 1197 3545 pateat?

364 3636 443 3702 Jam
464 3657 566 3722 vero,
595 3659 669 3702 eum
690 3639 810 3724 regule
830 3639 1073 3706 admonendum
1097 3661 1170 3706 eum
1193 3660 1285 3725 esse,
1311 3643 1347 3708 in
1368 3661 1474 3728 quem
1571 3663 1572 3702 t

277 3743 427 3806 censuris
443 3741 710 3807 animadvertere
728 3743 809 3808 velit
819 3744 927 3827 judex
946 3744 1203 3828 ecclesiasticus,
1223 3746 1306 3810 satis
1326 3751 1473 3827 constet,

278 3863 442 3928 quaerere
455 3844 550 3929 libet,
571 3845 841 3912 cui-admonendi
864 3847 1009 3912 officium
1031 3848 1208 3912 incumbat
1252 3847 1475 3914 Auctoritate
1570 3919 1571 3930 2

346 3997 377 4072 *J
395 4021 418 4060 e.
436 4005 461 4058 1,
487 4001 513 4059 G.
534 4005 557 4060 5.
583 4019 607 4071 q.
625 4007 655 4070 23
680 4022 701 4059 e.
720 4010 745 4061 8.
769 4001 796 4060 O.
816 4009 857 4061 11.
882 4022 905 4072 q.
924 4009 955 4074 33
979 4023 999 4062 e.
1019 4009 1062 4062 tl.
1085 4007 1114 4062 (5.
1133 4011 1175 4060 11.
1199 4018 1222 4072 q.
1240 4009 1266 4070 ὴ
1289 4021 1310 4059 c.
1330 4009 1354 4061 5.
1380 4007 1408 4058 (i.
1428 4007 1475 4057 16.
1569 3963 1571 4122 Ι

279 4105 303 4154 q.
322 4093 350 4155 η
370 4095 452 4147 aaa.
477 4093 503 4145 o.
523 4095 562 4145 rt.
588 4109 611 4158 q.
629 4097 660 4157 43
680 4110 701 4146 o.
720 4098 762 4146 ae.
786 4096 814 4148 o.
832 4099 874 4146 ae.
900 4111 923 4158 q.
944 4097 1020 4158 ῦς...
1040 4098 1064 4144 e.
1089 4095 1117 4146 e.
1136 4097 1179 4145 rr.
1204 4109 1227 4158 q.
1247 4097 1323 4158 eso.
1341 4096 1365 4146 r.
1392 4096 1417 4147 a.
1438 4092 1476 4145 x,

277 4178 316 4228 De
334 4179 418 4230 rehab.
437 4179 494 4230 cler.
512 4183 536 4232 3.
555 4183 584 4245 23
603 4196 624 4229 e.
642 4184 683 4233 26.
701 4181 734 4232 X.
752 4183 790 4230 De
808 4182 1017 4246 appellationibus
1035 4185 1059 4232 2.
1079 4183 1126 4245 283
1151 4197 1173 4235 e.
1192 4183 1234 4233 61.
1252 4181 1350 4243 rotome
1383 4194 1406 4232 e.
1425 4181 1476 4232 25.

277 4262 310 4316 X.
329 4265 368 4315 De
390 4267 460 4320 Seni.
478 4265 540 4318 lixa
559 4268 583 4318 5.
603 4269 650 4330 893
676 4282 697 4319 o.
716 4269 759 4321 30.
776 4270 817 4317 ti.
836 4271 878 4320 48.
897 4269 995 4334 eodem3
1022 4283 1044 4320 o.
1062 4271 1088 4322 8.
1107 4269 1132 4321 5.
1150 4271 1175 4320 9.
1196 4270 1235 4318 la.
1261 4267 1386 4318 Debent
1406 4268 1477 4316 Exo.

277 4351 310 4401 Iu
329 4353 370 4404 v1.
390 4354 413 4405 5.
433 4353 474 4405 11.
493 4356 516 4405 2.
537 4353 612 4405 clem.
633 4356 655 4403 5.
674 4357 699 4407 8.
724 4355 783 4418 cap.
802 4356 906 4407 unicum
929 4357 1092 4407 Extremo
1114 4355 1205 4408 Poenis
1231 4358 1253 4405 5.
1278 4357 1302 4410 9.
1326 4356 1372 4412 sub
1393 4365 1474 4408 vocet

276 4436 410 4491 Praemrea.

328 4519 376 4592 **)
394 4539 415 4579 e.
434 4526 457 4582 5.
475 4527 514 4578 De
532 4527 601 4584 flent.
619 4529 680 4581 Ero.
699 4529 730 4580 In
749 4529 792 4582 vl.
811 4531 836 4586 5.
857 4534 896 4584 11.
