3184 5222
840 432 885 502 '32

269 622 409 690 bitraria
437 625 574 709 insuper
601 642 711 709 poena
740 624 937 708 plectendus
969 623 1083 709 erit‘)
1110 643 1113 648 ’
1137 625 1211 718 Quo
1240 626 1315 691 loco
1345 626 1460 714 plangi

265 726 399 814 potest,
432 727 523 813 quod
552 726 622 791 tale
651 734 869 812 praeceptum
900 730 943 792 ad
965 723 1155 814 Episcopos
1184 749 1250 793 non
1275 733 1458 814 pertineat3

269 833 393 926 quippe
431 851 584 916 quorum
608 851 675 895 non
714 833 757 894 sit
794 835 916 895 mentio
948 835 1120 917 expressis
1151 834 1261 897 verbis
1295 833 1459 917 factate)

269 933 437 1000 Statuitur
461 941 579 998 autem
594 935 636 998 ab
659 934 852 998 Innocentio
868 933 934 998 IV:
956 939 1055 1020 „quia
1077 935 1260 1021 periculum
1283 944 1335 1004 eet
1356 936 1460 1021 Epis-

270 1041 362 1123 copis
386 1045 420 1102 et
444 1055 557 1102 eorum
580 1036 808 1123 superioribus
838 1045 978 1123 propter
1006 1041 1236 1104 executionem
1259 1040 1458 1124 pontificalis

270 1141 381 1225 officii,
406 1141 496 1226 quod
517 1141 713 1226 frequen-ter
736 1140 912 1223 incumbit,
940 1149 978 1204 ut
999 1144 1032 1204 in
1056 1141 1167 1226 aliquo
1191 1163 1272 1206 casu
1292 1142 1459 1206 interdicti

241 1245 323 1310 .vel
345 1247 573 1330 suspensionis
597 1246 796 1310 sententiam
817 1246 988 1307 incurrant
1012 1249 1086 1330 ipso
1108 1245 1216 1309 facto:
1246 1267 1306 1309 nos
1331 1243 1459 1308 delibe-

269 1351 398 1411 ratione
419 1347 563 1433 provida
587 1348 741 1412 duximus
765 1347 994 1430 statuendum,
1025 1355 1063 1412 ut
1085 1347 1246 1434 Episcopi
1270 1355 1303 1412 et
1325 1348 1380 1411 alii
1401 1369 1459 1412 su-

268 1453 418 1536 periores
448 1450 593 1536 praelati
629 1450 749 1514 nullius
788 1452 1033 1515 constitutionis
1068 1454 1244 1514 occasione
1274 1454 1459 1516 sententiae

263 1556 340 1618 sive
363 1555 510 1618 mandati
540 1553 746 1638 praedictam
777 1554 949 1616 incurrant
976 1557 1175 1619 sententiam
1197 1555 1362 1620 ullatenus
1384 1557 1458 1640 ipso

265 1658 357 1741 jure:
380 1660 443 1722 nisi
457 1661 491 1720 in
506 1660 588 1743 ipsis
607 1657 649 1720 de
665 1655 845 1741 Episcopis
862 1648 1027 1742 expressa
1041 1661 1164 1724 mentio
1180 1655 1373 1723 habeatur.“
1383 1655 1459 1740 aaa)

269 1799 310 1810 -
335 1761 575 1825 Tractantibue
606 1779 687 1824 vero
718 1760 760 1823 de
790 1763 961 1824 sanctione
1000 1761 1231 1826 admonitionis
1270 1765 1458 1842 canonicae,

271 1867 415 1930 occurrit
445 1881 517 1948 cap.
537 1865 588 1927 te
619 1864 672 1927 De
700 1863 822 1948 appell.
846 1865 874 1926 2.
899 1865 965 1927 id:
996 1865 1088 1949 cujus
1119 1866 1224 1929 verba
1253 1873 1330 1929 sunt
1358 1867 1458 1928 haee:

271 1969 475 2052 „Praeterea
497 1969 650 2051 requisiti
671 1967 811 2049 fuimus,
842 1968 870 2030 si
893 1969 968 2052 quis
988 1967 1095 2051 judex
1118 1971 1166 2032 ita
1187 1968 1301 2033 tulerit
1324 1975 1466 2064 senten-3

268 2075 366 2136 tiam:
399 2074 482 2155 „nisi
512 2068 708 2156 Sempronio
738 2073 827 2134 intra
850 2073 969 2155 viginti
999 2071 1070 2135 dies
1100 2073 1306 2138 satisfeceris
1334 2080 1368 2135 te
1396 2093 1459 2136 ex-

270 2167 544 2240 communicatum
575 2195 649 2238 esse
679 2173 885 2257 cognoscas“
918 2181 951 2237 ct
979 2174 1035 2239 ille
1064 2178 1097 2238 in
1127 2196 1225 2260 quem
1251 2176 1358 2239 fertur
1381 2196 1459 2240 sen-

268 2282 374 2344 tentia
397 2279 506 2343 medio
529 2284 680 2362 tempore
703 2275 877 2362 appellans
901 2278 945 2340 ad
969 2278 1056 2342 diem
1072 2284 1233 2342 statutum
1248 2281 1379 2344 minime
1401 2299 1459 2343 sa-

265 2382 449 2464 tisfecerit,
473 2389 583 2444 utrum
606 2379 661 2444 ille
684 2383 851 2444 sententia
873 2380 933 2444 tali
955 2379 1096 2465 ligetur,
1125 2377 1184 2444 eut
1205 2383 1459 2466 interpositione

262 2484 503 2571 ¹appellationis
526 2491 617 2548 tutus
643 2487 782 2548 existat:
806 2483 939 2546 videtur
962 2491 1073 2547 autem
1095 2484 1202 2566 nobis,
1226 2485 1317 2569 quod
1340 2485 1460 2568 hujus·

268 2587 360 2651 modi
389 2590 587 2652 sententiam
625 2587 858 2672 appellationis
893 2587 1103 2650 obstaculum
1135 2586 1248 2650 debet.
1266 2587 1458 2671 impedire.“

269 2689 354 2754 Cum
375 2693 477 2775 igitur
501 2711 641 2756 censura
663 2709 729 2754 non
752 2712 772 2753 a
790 2691 867 2774 jure
889 2693 960 2754 sive
983 2712 1003 2754 a
1025 2711 1151 2754 canone
1173 2689 1253 2772 lata,
1277 2689 1337 2754 sed
1360 2712 1380 2754 a
1399 2692 1458 2776 ju-

269 2793 343 2858 dice
366 2794 596 2859 tantummodo
620 2801 814 2876 ostentata3·
836 2802 937 2878 puta,
960 2794 1011 2858 his
1034 2794 1162 2858 verbis:
1191 2797 1275 2877 „nisi
1296 2797 1385 2858 intra
1406 2797 1460 2858 vi-

268 2899 352 2982 ginti
381 2897 452 2962 dies
492 2898 651 2979 solvente,
690 2917 863 2966 censuram
899 2897 1081 2979 incurres“,
1116 2899 1310 2962 criminosus
1342 2897 1458 2960 diebus

269 3001 386 3076 decem
409 3001 536 3087 elapsis
566 3008 683 3066 contra
706 3003 903 3065 sententiam
930 3000 1190 3085 appellationem
1210 3002 1459 3084 interposuerit,

267 3108 335 3168 vim
358 3108 589 3190 suspensivam
614 3126 686 3169 eam
709 3105 835 3178 habere
857 3111 969 3187 patet,
1000 3106 1047 3166 ita
1069 3111 1107 3167 ut
1128 3124 1238 3189 poena
1260 3105 1459 3166 comminata

269 3212 369 3272 etiam
385 3210 523 3295 triginta
542 3208 657 3273 diebus
675 3209 809 3293 elapsis,
832 3227 941 3293 neque
955 3207 1024 3270 ulla
1038 3205 1269 3272 satisfactione
1284 3209 1459 3293 praestita,

267 3311 413 3375 nondum
426 3315 560 3376 existat.
573 3349 614 3360 -
627 3347 667 3360 -
683 3311 812 3390 Quodsi
825 3319 941 3394 totam,
955 3332 1042 3396 quae
1053 3313 1087 3375 in
1099 3332 1240 3397 corpore
1248 3311 1333 3395 juris
1347 3309 1459 3374 Cano·

256 3417 333 3480 nici
348 3419 533 3482 continetur
550 3416 736 3480 doctrinam
753 3415 794 3480 de
810 3414 1034 3480 admonitione
1050 3417 1197 3480 censuris
1213 3411 1460 3500 praemittenda

269 3519 528 3603 consideramus,
548 3520 714 3607 permulta
729 3539 847 3582 manca
861 3518 1011 3604 taliaque
1028 3539 1102 3584 esse
1118 3519 1331 3600 videbuntur,
1348 3515 1459 3602 qualia

268 3623 504 3688 reformatione
533 3644 738 3712 magnopere
761 3629 892 3708 egeant.
936 3623 1023 3685 Nam
1045 3623 1187 3708 primum
1211 3621 1379 3686 distinctio
1401 3619 1460 3682 illa

267 3727 354 3790 inter
383 3729 505 3791 trinam
535 3730 747 3792 monitionem
776 3735 810 3791 et
831 3727 1070 3811 peremtorium
1092 3747 1164 3812 cap.
1188 3730 1218 3792 9.
1240 3725 1287 3789 Χ.
1311 3723 1354 3789 de
1375 3733 1459 3792 sent.

269 3845 343 3894 exc.
365 3833 554 3916 periculosa
577 3851 653 3896 esse
676 3830 807 3914 debuit,
840 3833 918 3915 quia
941 3838 1067 3894 certum
1089 3830 1123 3893 in
1144 3829 1293 3912 modurn,
1323 3827 1458 3915 quando

264 3933 396 4017 judices
426 3937 662 4021 peremtorium
701 3934 861 3998 adhibere
895 3943 1050 4019 possent,
1088 3936 1252 3998 sancitum
1280 3951 1347 3998 non
1377 3938 1460 3998 crat.

269 4033 468 4102 obscuritas
492 4042 615 4124 quippe
638 4038 800 4102 nebulosa
816 4038 928 4102 verbis
951 4041 1038 4103 inest
1061 4037 1256 4123 Ugolini:
1281 4057 1377 4121 „cum
1397 4057 1459 4101 ne·

336 4208 366 4279 *)
387 4214 450 4276 „alia
466 4214 627 4264 nihilominus
651 4229 731 4278 poena
748 4197 907 4267 mulctandus
924 4215 946 4265 ai
964 4215 1048 4266 rtrum
1065 4215 1139 4265 luerit
1156 4211 1297 4278 expedire.“
1325 4214 1357 4265 oi.
1376 4226 1397 4262 c.
1415 4215 1458 4265 48.

267 4297 300 4354 X.
318 4297 349 4350 do
366 4301 431 4351 rent.
450 4315 503 4352 axe.
523 4301 545 4352 5.
566 4305 606 4349 39.

327 4383 369 4451 “J
388 4386 685 4452 Sobmalzgruebar,
705 4387 723 4438 l.
742 4401 763 4438 c.
781 4401 807 4436 n.
827 4375 869 4439 2'8.

309 4469 370 4542 **·J
389 4473 416 4528 0,
435 4475 460 4526 4.
478 4475 518 4526 De
534 4477 600 4528 rent.
618 4487 672 4526 axo.
690 4475 721 4522 ln
739 4474 781 4530 VL
