3184 5222
722 455 764 518 29

147 637 246 706 affert
276 641 373 725 quasi
399 639 468 723 juri
497 642 605 704 trinae
631 642 820 704 monitionis
843 663 908 704 non
931 641 1168 728 subjectum‘)
1213 643 1337 710 Verum

147 746 232 808 enim
260 763 341 808 vero
371 744 434 806 hac
461 745 495 804 in
524 763 560 806 re
590 744 788 828 prudentiae
819 751 852 807 ct
883 748 1027 808 cautioni
1053 747 1200 830 judicum
1230 753 1338 813 omnia

145 849 310 931 permissa
334 867 419 928 csse,
443 867 517 910 cum
540 846 673 910 difficile
696 848 750 930 sit,
775 868 888 911 omnes
910 869 1018 927 casus,
1053 853 1109 934 qui
1133 855 1339 933 „necessita-

145 957 214 1014 tem
232 951 319 1034 juris
342 957 399 1014 aut
421 948 523 1012 facti“
548 952 756 1028 contineant,
781 973 992 1035 enumerare,
1022 954 1241 1039 regulamque
1263 978 1338 1020 cer·

145 1061 215 1116 tam
238 1057 457 1136 constituere,
484 1057 645 1117 neminem
669 1055 797 1138 cffugit.
841 1055 1181 1120 Animadvertendum
1204 1080 1338 1144 quoque

147 1163 210 1237 est,
232 1159 267 1218 in
285 1164 383 1220 textu
406 1179 477 1242 cap.
502 1161 521 1222 9
545 1161 598 1222 cit.
620 1157 742 1220 nullam
758 1161 892 1222 causam
908 1159 1084 1242 postulari,
1107 1167 1145 1222 ut
1160 1160 1223 1224 hoc
1239 1163 1337 1226 modo

146 1258 219 1322 ficri
241 1262 349 1344 possit
371 1260 553 1324 admonitio
576 1281 642 1324 una
664 1281 725 1344 pro
751 1263 854 1342 trina,
887 1261 947 1324 sed
970 1265 1155 1345 generatim
1178 1271 1211 1326 ct
1235 1265 1338 1328 abso-

145 1361 216 1426 lute
239 1360 447 1444 concedi.**)
493 1361 577 1426 Cum
600 1370 711 1426 autem
734 1370 903 1427 statuatur
925 1386 997 1449 cap.
1017 1368 1037 1428 9
1060 1368 1113 1428 cit.
1135 1373 1172 1428 ut
1194 1366 1337 1450 plurium

146 1465 274 1540 dierum
309 1465 487 1530 intervalla
519 1467 745 1548 intercedant,
790 1467 963 1551 paullatim
998 1468 1138 1532 invaluit
1176 1469 1337 1553 doctrina,

146 1566 313 1652 duosttt)
336 1568 456 1634 saltem
478 1569 549 1634 dies
571 1573 657 1633 inter
681 1571 865 1634 ordinarias
888 1571 1147 1652 admonitiones,
1171 1593 1233 1636 sex
1256 1594 1336 1636 varo

147 1674 321 1735 criminoso
345 1673 573 1736 concedendos
598 1694 683 1755 esec,
706 1676 735 1737 si
750 1677 974 1759 peremptorie
990 1675 1218 1741 admoneatur.
1250 1676 1337 1740 Nam

146 1779 269 1860 partim
291 1778 497 1844 contumacia
520 1776 752 1861 delinquentis,
775 1780 915 1842 termino
938 1781 969 1842 ei
992 1800 1162 1862 concesso,
1189 1781 1337 1844 frustra-

148 1899 212 1963 que
237 1878 370 1964 elaps0‚
400 1884 507 1964 magis
530 1881 722 1966 apparebit,
752 1885 876 1966 partim
900 1889 934 1946 et
956 1885 1102 1967 spatium
1124 1881 1338 1947 habebit.ch

147 1982 192 2045 ad
212 1983 475 2048 satisfactionem
497 1985 735 2068 praestandam
754 1985 809 2049 vel
831 1986 875 2048 ad
896 1985 1123 2050 defensionem
1145 2007 1338 2071 proponen-

148 2085 278 2169 dam-i)
317 2086 532 2172 Quapropter
556 2109 628 2151 cum
644 2096 696 2152 ter
715 2089 829 2151 codem
845 2097 996 2173 ternpore
1013 2097 1196 2172 moneatur,
1218 2090 1338 2164 veluti:

148 2189 271 2271 „solve
295 2190 397 2254 solve.
420 2189 543 2254 solve.“
568 2211 608 2254 ea
630 2193 787 2254 canonica
810 2193 946 2254 monitio
962 2193 1075 2254 vocari
1089 2190 1337 2276 nequit.††)-

146 2292 271 2356 Forma
292 2314 373 2356 vcro
395 2295 614 2356 usitatissima
637 2294 867 2357 admonitionis
892 2297 954 2358 erit
971 2294 1067 2358 haec·
1092 2294 1286 2376 „Monemus
1303 2303 1337 2360 te

148 2393 281 2478 Titium,
303 2404 341 2459 ut
361 2399 449 2459 intra
473 2398 491 2458 6
515 2397 595 2476 dies,
620 2418 759 2480 quorum
777 2398 838 2460 tibi
857 2397 939 2459 duos
956 2419 1018 2482 pro
1036 2399 1154 2481 prima,
1178 2399 1260 2462 duos
1276 2420 1338 2484 pro

149 2499 307 2586 secunda,
330 2500 412 2563 duos
427 2500 570 2585 denique
591 2522 653 2586 pro
676 2503 777 2564 tertia
793 2501 970 2563 monitione
987 2499 1115 2582 damus,
1140 2497 1219 2586 Sejo
1236 2505 1338 2565 satis-

148 2597 253 2666 facias
263 2601 293 2686 ;“
317 2624 518 2687 quamquam
535 2609 567 2666 et
583 2606 631 2666 ita
646 2604 814 2667 admoneri
828 2625 929 2688 posse
946 2611 1087 2686 constat,
1102 2611 1138 2668 ut
1147 2603 1255 2678 Titius
1267 2607 1339 2692 pri-

149 2728 203 2770 mo
226 2706 429 2791 simpliciter,
453 2713 490 2768 ut
511 2709 598 2769 intra
617 2707 700 2769 duos
720 2707 789 2770 dies
806 2706 925 2784 solvat,
950 2706 1078 2770 duobus
1096 2713 1206 2771 autem
1222 2708 1338 2772 diebus

150 2810 273 2896 elapsis
291 2812 421 2891 iterum,
445 2830 485 2872 ac
500 2811 600 2872 tertio
617 2816 799 2872 moneatur.
815 2808 986 2871 —Talem
1001 2816 1112 2872 autem
1128 2812 1340 2885 monitionem

148 2910 338 2997 inscriptis
361 2911 434 2976 fieri
456 2912 578 2976 debere
601 2909 754 2994 tradunt,
791 2933 878 2996 quac
902 2914 1264 3002 causamloontineant,
1296 2914 1339 2998 ob

150 3013 250 3102 quam
272 3038 349 3080 rcus
373 3036 513 3080 censura
536 3013 752 3100 astringatur.
761 3012 849 3097 iii)
874 3013 968 3092 Quae
992 3007 1064 3079 cum
1087 3017 1120 3078 in
1129 3013 1225 3099 {nullo
1241 3011 1340 3081 textu

149 3121 324 3203 inveniam,
348 3127 417 3182 tum
440 3126 474 3182 ct
496 3119 570 3182 ideo
589 3137 751 3202 perversa
768 3138 842 3181 esse
859 3120 1135 3201 existimaverim,
1158 3121 1236 3203 quia
1252 3123 1281 3182 si
1296 3123 1340 3208 sit

151 3245 260 3288 sermo
284 3224 466 3302 decanea,
497 3242 584 3306 quae
607 3229 660 3284 est
681 3223 756 3307 ipsa
778 3224 918 3284 materia
941 3221 1189 3306 admonitioniS,
1220 3245 1280 3308 per
1303 3242 1352 3287 se·

83 3358 85 3362 ¹
149 3333 265 3390 notum
287 3333 376 3409 erat3
412 3324 577 3410 quomodo
601 3326 686 3387 enim
708 3323 805 3387 aliter
828 3323 1007 3407 admonitio
1031 3323 1103 3389 ficri
1124 3325 1263 3411 potest?
1303 3324 1340 3390 si

150 3451 231 3496 vero
252 3433 295 3493 sit
317 3450 426 3494 sermo
450 3429 490 3492 de
514 3449 625 3511 causa,
650 3448 736 3512 quae
758 3434 892 3492 moveat
910 3427 1055 3512 judicem
1078 3428 1120 3490 ad
1141 3430 1340 3492 sententiam

206 3613 248 3688 f)
267 3620 396 3684 Sueten,
424 3619 494 3671 Diod.
513 3619 560 3668 ΙΙΙ,
584 3617 727 3668 stavili.
750 3631 777 3669 n.
794 3619 821 3667 7:
847 3619 901 3667 Non
920 3619 1000 3668 tolum
1024 3620 1077 3679 logo
1095 3620 1186 3679 trinta,
1212 3618 1254 3668 aad
1272 3618 1341 3668 omni

96 3767 102 3780 ι
151 3706 327 3756 admonitionis
344 3711 474 3768 praecepto
492 3719 549 3754 oum
567 3706 678 3754 solutum
695 3717 747 3753 etse
765 3705 832 3754 dicit.
856 3705 1005 3767 ,tenebitur
1024 3706 1138 3755 Pontifex
1155 3706 1201 3755 iot
1216 3707 1272 3766 jure
1290 3705 1341 3754 rio·

151 3795 189 3843 uti
206 3795 234 3842 in
251 3795 395 3843 universum
413 3793 536 3854 legislator
553 3793 605 3841 ruis
623 3792 719 3853 legibus
737 3791 838 3852 obligari
856 3790 961 3854 potem

203 3893 250 3963 *Ὅ
264 3897 400 3960 θιηποι,
419 3897 491 3959 Dirp.
509 3896 554 3945 ill.
573 3895 597 3945 S.
616 3895 658 3946 lX.
676 3909 702 3946 n.
718 3897 743 3946 ἓ.

187 3996 249 4066 W)
267 4015 288 4052 c.
309 4003 350 4054 40.
369 4001 407 4050 Do
424 3999 528 4061 Retulit
543 4000 615 4061 iuris.
644 3999 675 4046 in
691 3998 731 4049 v1.
750 3999 774 4050 5.
794 4000 833 4047 la.

220 4103 252 4172 †)
270 4103 504 4168 Baitionttuol,
523 4105 552 4155 V.
570 4105 608 4153 tit.
617 4101 735 4153 XXXIX.
752 4115 779 4154 n.
791 4104 833 4153 at.

205 4207 252 4274 ii)
272 4211 385 4261 Getarum
408 4211 515 4259 totaliter
538 4208 619 4258 omitti
641 4220 714 4257 omne
731 4203 892 4255 intervallum
908 4204 961 4254 tiro
977 4203 1173 4257 admonitionem
1190 4219 1241 4258 non
1259 4219 1342 4273 porta,-

153 4302 299 4360 ergumonto
322 4302 360 4347 eat
382 4310 433 4347 vox
456 4296 498 4346 illa
521 4297 545 4345 iu
563 4299 635 4345 textu
654 4308 707 4356 cop.
726 4296 755 4342 9:
786 4291 972 4354 „modoranda“
1005 4293 1123 4343 Suaraa
1146 4295 1162 4347 l.
1182 4310 1203 4349 o.
1226 4309 1253 4350 n.
1271 4300 1295 4349 3.
1315 4299 1340 4354 4.

152 4386 242 4446 Ugol.
260 4399 316 4450 pag.
329 4387 389 4437 260.

189 4487 252 4558 iti)
270 4491 573 4556 submissioribus,
593 4490 623 4541 V.
649 4489 686 4540 tit.
706 4486 823 4538 xxxix.
841 4498 867 4540 n.
881 4487 922 4540 ²8.
