3184 5222
832 458 873 526 26

254 645 330 716 dum
353 653 416 732 est,
437 669 514 714 num
536 648 771 736 incorrigibilia
786 651 838 738 sit
859 652 906 735 is,
939 653 996 739 qni
1018 649 1185 733 delictum,
1209 649 1359 736 quamvis
1382 669 1442 718 no-

252 755 384 837 torium,
409 755 618 820 commiserit.
665 752 763 832 Quod
786 757 968 842 praecipue
998 758 1162 820 interesse
1183 756 1270 822 inter
1293 755 1443 822 admoni-

252 859 377 922 tionem
406 864 440 922 et
468 860 556 922 inter
578 859 769 922 citationem
787 860 873 944 juris
897 857 1057 941 Canonici
1077 865 1177 945 puto,
1201 879 1341 944 quarum
1362 860 1443 928 haec

251 963 384 1026 notoria
406 982 480 1024 cum
502 964 570 1025 sint
592 964 712 1045 omnia,
735 964 842 1026 omitti
863 964 981 1048 possit,
989 959 1025 1045 a)
1048 961 1106 1025 illa
1127 982 1304 1048 nunquam.

257 1121 262 1128 .
341 1063 554 1130 Contrarium
576 1065 730 1150 proiecto
754 1064 930 1130 dicendum
951 1067 1032 1148 erit,
1056 1085 1129 1129 cum
1151 1070 1343 1128 contumacia
1364 1086 1444 1152 pec*

254 1170 378 1234 catoris
400 1173 522 1231 notorio
544 1171 604 1250 sit3
628 1166 689 1232 sed
712 1169 775 1232 hoc
796 1171 905 1254 ipsum
920 1167 962 1234 ne
977 1175 1180 1254 praesumat,
1200 1168 1306 1253 judici
1322 1174 1444 1234 caren-

253 1273 346 1356 dum,
377 1278 412 1336 et
434 1271 477 1336 ob
499 1271 534 1335 id
555 1273 664 1356 ipsum
685 1275 898 1336 monitionem
919 1273 1142 1337 introductam
1165 1292 1257 1353 esse,
1288 1279 1326 1337 ut
1346 1280 1445 1338 noto-

252 1378 335 1442 riam
359 1377 599 1438 contumaciam
623 1374 743 1440 adesse
766 1375 982 1458 demonstret,
1014 1373 1294 1460 ostendimustt)
1338 1373 1445 1461 Objioi

253 1477 387 1564 quidem
409 1484 538 1562 potest,
567 1476 710 1542 Paulum
731 1480 897 1542 notorium
921 1478 1134 1542 fornicarium
1157 1479 1287 1563 absque
1308 1481 1445 1565 praeuia

252 1582 430 1646 monitione
454 1578 853 1664 excommunicasse.**⁵*)
887 1580 1124 1664 Veruntamen,
1146 1587 1184 1644 nt
1206 1581 1362 1646 subtilem
1383 1582 1444 1645 ad-

252 1684 385 1749 modum
401 1683 537 1768 Ugolini
553 1686 752 1749 sententiam
767 1691 1029 1768 praetereamus,
1038 1683 1077 1767 p)
1101 1685 1157 1769 qui
1181 1672 1444 1769 „irrequisitnm“

252 1786 341 1851 idem
365 1806 439 1850 esse
462 1794 564 1871 atque
589 1807 675 1869 „non
696 1789 817 1850 iterum
838 1785 1057 1870 requisitum“
1088 1786 1275 1870 contendit,
1304 1787 1444 1851 Paulum

252 1891 417 1954 hominem
438 1889 530 1953 illum
553 1897 652 1954 antea
676 1889 888 1954 admonuisse
912 1896 1062 1972 constat,
1094 1891 1220 1974 qnippe
1251 1892 1307 1975 qui
1330 1889 1446 1954 eodem

252 1993 328 2060 loco
352 1992 491 2057 dixerit:
523 1995 662 2078 „scripsi
684 1993 780 2057 vobis
803 2013 845 2056 ne
867 1991 1174 2076 commisceamini“,
1197 1995 1245 2056 ita
1267 1999 1305 2057 ut
1326 1995 1445 2057 verisi-

253 2097 330 2162 mile
353 2099 412 2178 sit,
448 2115 621 2160 censuram
644 2117 717 2161 eam
739 2096 791 2160 his
824 2096 937 2161 verbis
969 2116 1044 2162 esse
1074 2097 1322 2161 denunciatam:
1353 2095 1447 2178 „Ex-

253 2199 500 2266 communicabo
523 2207 574 2283 te,
597 2202 661 2264 nisi
682 2202 796 2264 statim
819 2220 892 2263 eam
914 2198 1115 2285 relinquas“.
1152 2199 1319 2283 Additur,
1344 2199 1444 2284 quod,

253 2325 326 2368 cnm
348 2311 427 2367 tunc
455 2304 545 2368 forte
575 2303 756 2388 expediens
787 2303 888 2367 fuerit
918 2302 974 2367 illo
997 2306 1111 2388 rigore
1132 2306 1198 2383 nti,
1229 2310 1351 2388 postea
1379 2302 1447 2366 Ec-

254 2405 354 2472 clesia
377 2405 467 2470 eliud
484 2406 541 2491 jus
565 2406 767 2470 ordinarium
789 2412 939 2470 statuere
962 2409 1083 2491 potuit,
1106 2408 1252 2489 suaviae,
1280 2405 1447 2488 videlicet,

254 2517 289 2576 et
310 2510 487 2596 fragilitati
508 2511 675 2575 hominum
697 2511 804 2594 magis
827 2507 1159 2592 accomodatumeii)

340 2642 415 2713 VII.
448 2645 609 2712 Attamen
632 2648 864 2732 exceptionem
895 2647 964 2708 sine
995 2644 1095 2709 dubio
1123 2643 1337 2708 statuendam
1360 2639 1446 2726 esse,

255 2751 398 2817 Romani
423 2752 509 2836 juris
531 2752 703 2837 principiis
726 2749 860 2833 imbuti,
891 2749 1081 2834 proferent,
1112 2769 1186 2812 cum
1207 2748 1391 2835 periculum
1413 2751 1447 2811 in

255 2871 349 2918 mora
371 2855 424 2918 sit.
469 2853 557 2932 Quid
576 2854 690 2918 'enimi
721 2851 812 2937 qnod
833 2851 1017 2916 verendum
1039 2871 1280 2937 saepenumero
1304 2858 1373 2934 est,
1405 2871 1448 2915 ne

256 2952 330 3042 quis
344 2955 500 3020 delictum
510 2957 756 3037 commissurus,
772 2953 849 3022 dum
859 2955 1088 3038 admoneatur,
1106 2955 1301 3018 committat.
1320 2953 1447 3030 Quam-

256 3075 355 3145 quam
377 3077 458 3122 vero
481 3059 676 3144 plerumque
699 3057 800 3142 longa
823 3057 1027 3144 procedendi
1042 3055 1187 3122 tarditas
1204 3063 1313 3140 nocet,
1336 3062 1448 3119 tamen

254 3181 422 3247 nunquam
444 3167 572 3224 tantam
594 3160 819 3226 adhibendam
843 3179 918 3225 esse
942 3159 1147 3224 celeritatem
1177 3151 1232 3224 vel
1253 3162 1365 3246 potius
1387 3179 1449 3223 ve-

254 3266 454 3329 hementiam
490 3263 769 3347 existimaverim,
814 3271 851 3328 ut
884 3262 994 3328 omnia
1030 3261 1179 3328 solennia
1210 3265 1276 3327 sint·
1305 3269 1449 3348 postpo-

135 3441 145 3460 .
255 3365 375 3432 nenda.
418 3362 565 3452 Ideoque
595 3367 639 3430 ad
667 3367 927 3453 peremptoriam
950 3369 1062 3451 potius
1086 3360 1344 3430 admonitionem
1365 3363 1450 3428 haec

257 3471 412 3555 exceptio
457 3478 611 3555 spectare
656 3469 808 3551 videtur,
860 3489 960 3553 quam
996 3467 1071 3532 loco
1109 3471 1216 3532 trinae
1261 3463 1449 3532 monitionis

257 3571 441 3657 Gregorius
480 3573 517 3636 X
562 3575 596 3635 in
636 3572 765 3657 synodo
806 3569 1026 3655 Lugdunensi
1041 3569 1130 3656 iri)
1172 3568 1342 3656 judicibus
1380 3575 1452 3634 tum

325 3793 354 3864 *J
372 3797 399 3852 0.
419 3799 443 3851 ὅ.
462 3799 484 3858 5.
497 3800 521 3850 2.
540 3799 573 3852 X.
591 3799 629 3849 Dc
647 3794 736 3861 appell.
755 3799 779 3849 2.
800 3799 842 3851 28.

308 3899 355 3969 **)
373 3905 531 3967 nagnam,
551 3902 646 3952 domm.
665 3901 695 3950 cd
714 3900 774 3964 esp.
793 3901 866 3953 Sacro
885 3902 956 3960 §.ld
981 3898 1220 3961 Iteitienrtnel¹
1239 3899 1269 3952 V.
1286 3889 1454 3952 rnxxxnn

258 3995 296 4043 nr.
315 3983 358 4041 at.
381 3981 677 4050 accensarent,
696 3987 725 4038 v.
744 3988 784 4036 nt.
800 3979 917 4039 xxxix.
936 4002 962 4037 n.
981 3986 1023 4036 aa.

293 4087 357 4159 m)
377 4097 390 4142 1
411 4092 465 4143 Gora
483 4093 508 4144 5.
534 4093 566 4142 ci.
585 4105 606 4140 c.
622 4088 647 4144 t.
670 4090 704 4143 X.
728 4089 759 4139 dc
782 4089 872 4154 appell.
891 4092 917 4143 2⁶
934 4092 982 4142 θῦε
1014 4084 1082 4152 ,duo
1107 4088 1208 4152 quidem
1231 4083 1320 4139 absona
1343 4094 1455 4152 corpote,

258 4187 375 4246 prema
391 4183 476 4232 antam
493 4179 592 4243 opinor,
608 4181 662 4240 jan
677 4176 789 4238 judicavi
806 4185 872 4239 anm,
890 4176 935 4240 qai
952 4177 989 4227 alc
1006 4178 1121 4240 operatua
1139 4173 1201 4227 αν

329 4279 361 4349 i)
377 4283 462 4345 Urci.
480 4283 496 4331 1.
516 4297 536 4332 a.
553 4297 580 4346 p.
594 4283 653 4336 250.

311 4383 358 4453 ἣ)
376 4387 511 4450 Saurea,
529 4387 602 4452 Diap.
621 4387 667 4439 111.
687 4386 748 4438 scot.
759 4387 803 4439 xi.
821 4400 849 4440 n,
863 4389 888 4442 9.

297 4489 360 4559 en)
379 4490 406 4544 0.
425 4495 440 4542 e
458 4492 483 4546 a.
501 4496 520 4542 t.
546 4492 577 4544 n
596 4493 639 4546 v1.
659 4494 683 4544 a
702 4494 743 4544 ιι.
