3184 5222
861 434 1005 500 40Ι

286 627 389 692 ferire
419 627 566 711 poterit„
603 621 642 688 In
675 626 784 690 causis
817 643 950 710 quoque
974 623 1214 706 criminalibus,
1243 623 1301 688 ubi
1323 626 1471 690 executio

287 730 387 794 realis
417 727 471 792 vel
494 727 698 813 personalis,
722 734 758 790 ut
782 749 902 811 supra,
932 729 1005 790 fieri
1026 730 1169 813 poterit,
1201 731 1263 792 crit
1286 749 1306 791 a
1329 732 1471 793 censuris

286 832 535 914 abstinendum,
565 830 625 895 sed
653 834 683 899 si
713 831 820 894 dictae
852 833 1041 896 executioni
1070 829 1169 894 facile
1192 830 1283 896 locus
1315 821 1472 896 essenon

258 987 260 992 ,
286 939 409 1023 possit,
438 936 553 1001 licebit
571 935 677 1018 judici
698 935 761 998 hoc
782 935 947 1019 spirituali
970 933 1083 1018 gladio
1107 937 1140 997 in
1163 934 1396 1019 delinquentes
1418 938 1472 1017 uti,

284 1042 316 1103 si
338 1045 451 1104 tamen
473 1037 586 1102 delicti
602 1037 758 1122 qualitas,
778 1042 974 1116 praecedente
996 1039 1068 1098 bino
1087 1041 1193 1098 saltem
1208 1042 1371 1099 noonitione
1387 1042 1492 1114 etiam,

284 1164 342 1223 per
363 1147 507 1218 edictam,
538 1141 572 1204 id
594 1141 754 1225 postidat.
797 1140 903 1206 Nefas
934 1148 1046 1205 autem
1076 1143 1120 1204 sit
1149 1141 1314 1204 saeculari
1344 1140 1473 1204 cuilibet

196 1237 201 1248 ’
285 1247 503 1330 Magistratui
525 1244 703 1329 prohibere
727 1244 952 1309 ecclesiastico
972 1243 1089 1329 judici,
1112 1264 1153 1308 ne
1176 1265 1275 1328 quem
1297 1246 1474 1310 communi-

289 1357 352 1432 cet,
374 1356 433 1412 ant
455 1337 629 1426 mandare,
659 1355 697 1411 ut
726 1348 829 1411 latam
860 1349 1232 1412 excommunicationem
1255 1354 1391 1412 revocet
1414 1345 1472 1410 sub

286 1460 486 1538 praetextu,
518 1450 608 1535 quod
639 1457 794 1515 contenta
822 1455 856 1515 in
886 1454 1056 1536 praesenti
1080 1451 1215 1515 decreto
1237 1474 1303 1515 non
1326 1453 1392 1516 sint
1415 1449 1474 1514 ob-

288 1563 441 1637 servata,
470 1577 543 1620 cum
566 1576 632 1619 non
654 1555 698 1618 ad
721 1556 927 1627 saeculares,
955 1554 1017 1619 sed
1043 1554 1087 1617 ad
1114 1554 1370 1619 Ecclesiasticos
1394 1555 1474 1618 haec

286 1663 432 1745 cognitio
455 1662 632 1745 pertineat.
676 1657 992 1724 Excommunicatus
1015 1680 1095 1723 vero
1119 1661 1325 1744 quicumque,
1349 1645 1474 1742 sipost

285 1764 452 1848 legitimas
475 1765 670 1826 monitiones
693 1783 760 1826 non
781 1765 970 1846 resipuerit,
992 1783 1057 1827 non
1080 1762 1187 1827 solum
1203 1761 1246 1826 ad
1259 1761 1474 1830 Sacramenta

287 1874 321 1931 et
356 1868 614 1930 communionem
641 1865 789 1929 fidelium
820 1887 860 1930 ac
874 1849 1150 1930 ⁴familiaritatem
1180 1888 1245 1929 non
1279 1867 1474 1949 recipiatur:

287 1970 347 2034 sed
370 1973 398 2035 si
421 1969 586 2034 obdurato
610 1971 736 2052 animo,
767 1971 914 2034 censuris
946 1989 1096 2032 annexus
1126 1972 1159 2032 in
1187 1968 1251 2032 illis
1274 1989 1335 2053 per
1356 1989 1475 2032 annum

285 2073 503 2156 insorduerit,
527 2076 627 2136 etiam
650 2080 766 2136 contra
790 2093 873 2148 eum,
894 2079 1054 2157 tanquam
1076 2072 1117 2136 de
1137 2071 1267 2135 haeresi
1285 2077 1475 2156 suspectum

256 2237 259 2244 .
285 2176 423 2264 procedi
445 2176 576 2262 posse.“
622 2174 778 2260 Synodus
808 2165 911 2259 igitur¹
933 2175 1128 2238 Tridentina
1156 2175 1238 2238 duas
1262 2175 1381 2239 saltem
1403 2195 1475 2238 mo-

285 2282 428 2344 nitiones
458 2280 721 2364 praemittendas
752 2299 827 2342 esse
857 2299 1016 2341 censurae
1046 2281 1173 2342 statuit.
1219 2278 1294 2356 Qua
1318 2299 1354 2342 re
1377 2279 1476 2342 dero-

286 2387 361 2469 gari
378 2383 447 2467 juri
469 2405 541 2468 cap.
558 2381 588 2448 9.
618 2383 671 2446 De
694 2389 778 2447 sent.
802 2403 872 2446 exc.
913 2381 951 2444 ln
973 2379 1032 2444 VI.
1052 2389 1162 2466 patet;
1193 2390 1295 2466 atque
1319 2404 1391 2446 cum
1413 2383 1476 2444 tri-

183 2503 184 2506 ’
284 2508 362 2552 nam
384 2490 596 2551 monitionem
618 2485 784 2550 ordinarie
808 2476 928 2548 diutius
959 2505 1023 2548 non
1055 2505 1129 2548 esse
1151 2488 1384 2566 necessariam,
1406 2493 1477 2547 tum

285 2593 523 2676 peremtorium
544 2589 642 2671 illud,
673 2589 853 2653 secundum
882 2588 1067 2652 Romanum
1098 2587 1230 2672 quidem
1251 2609 1347 2652 usum
1369 2590 1478 2652 intro-

285 2695 429 2776 ductum,
452 2693 512 2757 sed
533 2691 632 2755 valde
654 2690 887 2777 periculosum,
910 2693 1042 2775 penitus
1059 2691 1140 2754 tolli.
1162 2691 1379 2755 Intervallum
1393 2711 1475 2755 vero

285 2796 404 2862 saltem
427 2800 526 2860 trium
549 2797 675 2860 dierum
697 2797 862 2879 interponi
885 2797 973 2860 inter
994 2796 1106 2859 binam
1127 2795 1227 2878 illam,
1251 2794 1476 2860 siveTriden-

286 2903 390 2964 tinam
412 2901 623 2963 monitionem
645 2896 794 2981 notaat)
839 2898 923 2962 Item
954 2919 997 2962 ex
1028 2899 1164 2964 concilio
1193 2899 1347 2963 sufficere
1369 2899 1477 2964 moni-

284 3006 408 3069 tionem
431 3023 492 3087 per
515 3002 673 3081 edictum,
711 3023 784 3066 cunr
814 3009 925 3065 tamen
956 3003 997 3066 de
1023 3003 1100 3086 jure
1122 3009 1237 3066 vetere
1261 3002 1382 3066 debeat
1403 3002 1478 3066 fieri

285 3106 524 3193 personaliter,
562 3106 624 3168 nisi
653 3108 686 3168 in
716 3109 862 3190 quinque
892 3107 1041 3184 casibus,
1071 3106 1255 3191 dequibus
1279 3125 1381 3191 supra
1404 3106 1479 3190 egi-

284 3195 431 3292 musii)
477 3207 610 3273 Omissa
640 3215 751 3272 autem
774 3210 852 3272 bina
874 3210 931 3272 illa
954 3213 1134 3274 monitione
1158 3209 1258 3275 Cone.
1281 3209 1478 3287 Tridentini,

285 3315 485 3379 sententiam
507 3311 640 3404 nullam,
663 3312 718 3376 vel
739 3315 896 3398 injustam
912 3316 1138 3378 tantummodo
1154 3315 1227 3378 fore
1244 3309 1478 3378 censebimus?

286 3417 422 3484 Etenim
444 3423 540 3502 patet
561 3415 847 3480 Reformationem
870 3419 977 3502 cap.3
1000 3421 1054 3480 cit.
1078 3425 1111 3482 et
1133 3418 1176 3480 ad
1193 3419 1398 3482 sanctionem
1412 3415 1479 3478 ad-

284 3521 474 3584 monitionis
496 3520 670 3606 plurimum
692 3520 816 3584 valere.
845 3519 1041 3586 Consentire
1064 3543 1144 3586 vero
1167 3523 1296 3586 videtur
1313 3543 1387 3586 cum
1400 3527 1480 3584 tota

283 3624 371 3690 illius
393 3645 466 3709 cap.
480 3625 510 3688 3.
532 3632 662 3707 natura,
686 3625 775 3708 quod
797 3623 974 3708 prohibeat
997 3646 1039 3688 ne
1060 3632 1186 3689 temere
1208 3627 1480 3688 excommunica-

283 3729 383 3790 tionis
415 3726 545 3811 gladius
576 3731 777 3812 stringatur,
811 3735 848 3792 nt
881 3730 1113 3793 severissimae
1143 3747 1272 3816 punse
1297 3727 1481 3812 judicibus,

284 3831 336 3895 ira
359 3839 393 3896 et
415 3832 526 3896 studio
548 3833 705 3914 incitatis,
727 3835 947 3917 imponantur.
993 3832 1068 3909 Qua
1090 3855 1191 3919 porro
1215 3851 1251 3896 re
1265 3831 1374 3915 judex
1389 3833 1481 3897 adeo

283 3932 451 4020 plectetur
473 3941 576 4020 atque
602 3936 824 4019 percutietur,
843 3936 895 3999 ira
916 3939 1065 4023 inprimis
1080 3937 1257 4022 odiumque
1269 3938 1303 3999 in
1319 3939 1482 4001 crimino-

208 4035 209 4038 ’
286 4059 359 4101 sum
389 4059 463 4102 cum
493 4039 616 4120 subsit,
648 4060 747 4124 quam
776 4048 975 4125 praecepto:
1011 4044 1209 4106 sententiam
1231 4041 1322 4106 illam
1345 4043 1483 4127 absque

286 4140 486 4208 solennitate
518 4143 617 4206 binae
646 4146 835 4208 monitionis
864 4144 968 4208 latam
996 4144 1120 4210 nnllam
1154 4149 1283 4211 omnino
1318 4167 1404 4214 esse.
1432 4182 1482 4195 -

337 4361 368 4432 ²¹⁸)
385 4368 543 4434 Fagnsni,
563 4369 657 4420 Oomm.
676 4370 706 4419 cd
725 4371 784 4433 Gap.
804 4371 857 4422 Tus
875 4374 959 4423 nobis:
979 4374 1016 4422 De
1034 4375 1195 4428 testamentis.
1212 4387 1281 4426 num.
1294 4378 1318 4428 9.

319 4465 363 4539 ff)
381 4471 538 4539 Fegncni,
561 4473 655 4528 comni
673 4474 704 4524 cd
724 4475 783 4540 cip.
802 4476 886 4528 Sucro.
909 4492 981 4531 num.
1001 4479 1043 4536 1⁰.
