3184 5222
703 414 849 560 aas

136 673 256 773 eosque
286 687 334 751 sio
363 705 383 750 a
405 674 580 773 praedicta
603 687 874 772 praesumptione
898 679 1145 772 revocavit.“*)
1191 681 1322 750 Contu-¹

134 794 269 855 maclam
299 791 351 855 hic
382 793 629 876 conjuratorum
658 792 869 864 manifestam
898 790 1013 873 fuisse,
1044 792 1117 874 quis
1143 798 1210 873 est,
1242 791 1322 875 quin

133 892 319 979 intelligat?
357 894 517 958 Attamen
546 894 683 981 politica
707 894 872 979 quaedam
894 897 980 957 ratio
1002 893 1199 956 Pontificem
1227 915 1321 958 amo-

133 1001 219 1073 visse
256 998 389 1062 videtur
431 999 473 1062 ab
514 1001 863 1062 excommunicationis
902 999 1067 1062 sententia
1101 999 1135 1058 in
1171 995 1319 1060 homines

132 1107 368 1187 praepotentes
391 1102 546 1183 ferenda,
579 1123 651 1165 cum
681 1109 787 1184 totam
819 1100 962 1165 Galliam
992 1099 1151 1164 rebellem
1180 1099 1321 1164 reddere

132 1204 241 1270 nollet.
284 1204 404 1290 Itaque
436 1226 509 1268 cnm
541 1226 701 1270 censurae
732 1208 897 1268 sententia
927 1223 1045 1289 parum
1067 1189 1234 1289 principes
1257 1203 1321 1268 ba-

132 1329 295 1392 ronesque
317 1311 499 1393 perterreri
519 1308 760 1393 intellexisset,
784 1311 946 1372 mitiorem
969 1307 1137 1392 quandam
1159 1309 1247 1370 viam
1269 1310 1322 1372 in·-

133 1405 267 1494 gre'ssus
299 1419 365 1494 est,
397 1433 496 1496 quam
526 1419 651 1476 rectam
680 1413 754 1477 fore
785 1433 824 1477 eo
854 1413 960 1495 magis
990 1413 1179 1495 supponere
1200 1413 1321 1496 potuit,

133 1514 220 1599 quod
242 1514 502 1600 haudquaquam
527 1537 640 1580 omnes
663 1516 737 1580 illos
755 1517 946 1600 conjuratos
963 1515 1098 1578 mirifice
1115 1514 1321 1578 abstinentes

79 1631 80 1635 ’
132 1607 231 1704 atque
262 1618 305 1681 ab
336 1621 424 1682 omui
454 1620 636 1704 cupiditate
667 1628 812 1683 remotos
844 1639 917 1682 esse
949 1617 1086 1681 sciebat.
1136 1616 1222 1680 Nam
1254 1637 1321 1701 eos,

131 1723 186 1807 qui
209 1728 308 1784 antea
331 1721 638 1786 conclamaverant:
663 1723 822 1807 „clericos
847 1743 890 1785 ex
913 1727 1112 1806 paupertate
1135 1720 1251 1806 populi
1269 1719 1322 1783 di-

130 1831 218 1888 tatos
241 1822 448 1890 reducendos
473 1847 548 1890 esse
569 1826 612 1888 ad
630 1834 755 1890 statum
770 1825 943 1890 Ecclesiae
958 1823 1167 1911 primitivae“
1191 1824 1322 1888 fomen-

130 1929 172 1992 tis
207 1946 246 1990 ac
279 1928 489 2012 malagmatis
518 1931 766 2014 permulcebat,
799 1933 1017 2014 promisitque
1052 1951 1125 1992 cum
1154 1929 1322 1994 uberrima

130 2031 306 2110 beneficia,
337 2039 407 2094 tum
436 2033 579 2096 honores
611 2036 644 2096 in
671 2033 757 2096 filios
780 2041 1006 2119 parentesque
1030 2033 1193 2096 maximos
1217 2031 1322 2096 colla-

129 2142 238 2198 turum
268 2141 343 2197 sese
379 2156 462 2200 csse.
492 2171 533 2181 -
567 2135 727 2200 Attamen
757 2138 892 2200 monitio
920 2138 1006 2220 juris
1038 2138 1204 2218 canonici,
1235 2153 1321 2220 quae

128 2236 263 2302 utilitati
285 2238 514 2303 tantummodo
537 2240 692 2325 politicae
715 2242 883 2319 inserviit,
916 2261 935 2302 a
959 2239 1171 2323 simplicitate
1193 2241 1321 2324 primo-

128 2361 202 2405 rum,
234 2341 420 2434 seculorum
453 2342 646 2427 longissime
681 2344 817 2425 aberat3
856 2343 976 2428 quibus
1010 2363 1169 2406 censurae
1204 2349 1320 2406 contra

129 2449 337 2508 contumaces
362 2445 485 2530 solum3
509 2447 568 2510 sed
592 2430 708 2508 contra
731 2450 970 2511 contumaciam
994 2446 1151 2510 nobilium
1173 2465 1212 2509 ac
1234 2465 1321 2531 pau-

132 2568 247 2632 perum
276 2551 464 2633 promiscue
494 2537 758 2634 imponebantur.
805 2550 899 2628 Quae
931 2572 1005 2614 cum
1027 2553 1073 2612 ita
1096 2569 1170 2613 sose
1193 2548 1322 2614 habue-

131 2653 215 2734 rint,
251 2655 462 2716 monitionem
492 2653 582 2715 illam
612 2657 733 2717 sensim
766 2655 1039 2739 pedetentimque
1072 2657 1106 2716 in
1139 2653 1323 2718 subsidium

130 2754 286 2840 politicae
310 2756 481 2842 cujusdam
504 2756 676 2820 Ecclesiae
698 2759 837 2820 rationis
860 2756 1032 2842 delapsam
1056 2779 1147 2838 esse,
1182 2778 1248 2819 non
1271 2764 1322 2820 est

131 2858 222 2942 quod
245 2861 416 2941 miremur3
440 2895 480 2903 —-
503 2880 625 2944 magna
649 2858 759 2924 adhuc
782 2861 944 2924 adversus
968 2861 1105 2924 clericos
1122 2862 1321 2943 reverentia,

130 2983 251 3046 magno
276 2961 384 3024 adhuc
406 2965 534 3039 timore,
558 2979 599 3026 ne
623 2966 847 3028 incurreretur
870 2967 902 3025 in
924 2985 1051 3048 poenas
1069 2964 1322 3028 ecclesiasticas.

129 3065 181 3130 Eo
204 3069 353 3151 pertinet
379 3065 556 3130 decretalis
566 3065 621 3152 aa)
645 3067 827 3152 quaedam,
851 3088 937 3130 anno
962 3067 1045 3132 1205
1068 3070 1210 3152 scripta,
1235 3088 1323 3152 quae

130 3171 225 3253 origo
254 3169 317 3232 fuit
346 3172 696 3234 excommunicationis
731 3171 800 3253 „ad
825 3171 1041 3235 relevandum
1063 3169 1118 3234 vel
1139 3173 1322 3235 restituen-

129 3270 227 3334 dum“
251 3275 322 3336 sive
345 3273 536 3354 „Monitorii
560 3274 811 3354 ecelesiasticiu,
835 3267 955 3359 postea
979 3295 999 3337 a
1021 3274 1140 3338 Paullo
1164 3277 1265 3339 tertio
1287 3278 1322 3338 in
1375 3361 1378 3367 Ι
1447 3313 1449 3316 -

128 3375 290 3437 infinitum
324 3376 534 3461 multiplicati
580 3384 613 3440 et
651 3399 671 3439 a
712 3377 839 3460 synodo
885 3377 1081 3462 Tridentina
1126 3379 1321 3442 confirmati.

130 3476 260 3554 Quodsi
279 3478 416 3562 jubetur
438 3478 629 3565 Episcopus
653 3481 714 3546 sub
738 3502 847 3566 poena
871 3501 1031 3545 censurae
1053 3480 1186 3567 publice
1208 3484 1242 3543 in
1265 3503 1323 3546 ec·-

128 3578 231 3644 clesia
261 3603 467 3667 proponere,
505 3591 541 3646 ut
573 3587 645 3668 qui,
685 3586 725 3647 dc
755 3605 791 3648 re
821 3585 934 3669 paullo
966 3586 1176 3668 obscuriore,
1215 3587 1321 3650 sciant

127 3683 322 3769 quidquam,
345 3686 380 3748 id
403 3689 555 3771 operiant
579 3687 818 3774 detegantquo,
839 3725 883 3732 ν-
907 3691 935 3752 si
959 3709 1082 3770 omncS,
1108 3691 1165 3773 qui
1187 3689 1228 3752 dc
1243 3689 1321 3754 the-

126 3807 228 3851 sauro
252 3789 396 3872 quodam
419 3789 644 3855 ecclesiastico
669 3795 808 3873 amisse,
836 3793 989 3856 notitiam
1010 3792 1174 3876 habeant,
1205 3793 1321 3856 admo-

124 3897 269 3955 neantur
291 3899 328 3953 ut
349 3894 437 3954 intra
461 3902 604 3978 quatuor
628 3915 757 3959 menses
780 3896 835 3959 vel
858 3899 1046 3978 restituant,
1071 3917 1158 3980 quae
1173 3904 1320 3978 teneant,
1424 3970 1427 3976 y

123 3994 182 4059 vel
203 3995 310 4058 furem
333 3997 537 4080 denuntient,
561 4000 622 4062 sub
638 4021 747 4086 poena
768 4002 988 4065 anathematis
1005 3999 1130 4084 -2***')
1153 4007 1223 4065 tum
1239 4019 1320 4066 sane
1419 4015 1422 4020 '

196 4183 226 4251 ³⁸)
244 4201 306 4235 van
324 4189 443 4250 Esp'en,
463 4191 566 4253 Opill.
585 4192 714 4241 Tractatus
733 4191 763 4241 ad
779 4192 959 4254 jurisdictione,
986 4192 1044 4255 Gap.
1064 4193 1096 4243 il.
1123 4193 1143 4250 ἓ,
1163 4197 1179 4241 4
1197 4207 1232 4255 sq.

179 4267 225 4338 **)
244 4287 263 4324 c.
283 4277 325 4324 20.
343 4275 374 4323 X.
393 4277 430 4324 De
445 4278 606 4338 jurejurando
627 4281 650 4329 2.
671 4281 712 4328 24.
1245 4279 1248 4284 '

159 4354 224 4424 ***)
243 4361 302 4424 Gap.
321 4361 428 4412 Unicum
447 4365 547 4416 Extrav.
572 4366 610 4414 De
633 4368 704 4414 tortis
727 4370 750 4417 4.
772 4367 794 4416 t.
825 4367 951 4416 iohannes
969 4365 1065 4418 lixit:
1098 4367 1163 4428 ,Nos
1187 4366 1264 4427 igitur
1288 4369 1319 4416 ad
1366 4379 1370 4383 ’

120 4449 337 4510 recuperationem
354 4451 460 4499 thesauri
478 4451 597 4514 praedicti
619 4452 721 4502 solicitis
745 4452 835 4502 studiis
852 4453 1041 4516 praetendentes
1060 4467 1146 4503 omnes
1164 4457 1188 4501 et
1206 4455 1319 4516 singulos

120 4539 281 4600 asportantes
298 4535 441 4592 thesaurum
459 4517 613 4603 praedictum
631 4542 655 4592 at
673 4539 741 4605 alios,
759 4553 835 4604 penes
854 4551 915 4604 ques
933 4540 1015 4604 eliqua
1033 4541 1063 4592 de
1081 4541 1194 4594 thesauro
1207 4542 1316 4606 fuerunt,
