3184 5222
159 677 325 752 nicationis
349 682 491 772 gladius,
521 705 643 750 nervus
676 689 720 750 sit
750 685 998 749 ecclesiasticae
1014 681 1222 769 'disciplinae
1245 690 1279 746 et
1302 681 1346 747 ad

161 790 370 855 continendos
401 793 433 851 in
466 790 576 853 officio
607 789 750 874 populos
780 788 880 852 valde
912 787 1212 865 salutarissobrie
1234 793 1346 852 tamen

159 914 339 980 magnaque
371 895 667 976 circumspectione
698 890 905 956 exercendus
930 897 996 954 est:
1033 911 1106 952 cum
1137 894 1345 975 experientia

159 997 284 1079 doceat,
309 999 336 1060 si
359 1002 484 1060 temere
508 1003 565 1057 aut
588 995 718 1058 levibus
743 1017 786 1058 ex
809 994 909 1058 rebus
933 996 1111 1058 incutiatur
1134 997 1241 1078 magis
1265 1016 1346 1057 con-

136 1103 271 1177 temni,
303 1119 402 1183 quam
425 1097 599 1186 formidari
630 1105 663 1162 et
685 1101 865 1182 perniciem
888 1099 1000 1182 potius
1022 1117 1143 1180 parere
1166 1118 1264 1182 quam
1289 1117 1346 1162 sa-

157 1201 263 1265 lutem.
310 1191 527 1286 Quapropter
550 1185 907 1264 excommunicationes
929 1199 1023 1281 illae,
1048 1221 1134 1283 quae
1156 1203 1346 1263 monitioni-

157 1306 214 1368 bus
237 1305 428 1389 praemissis
453 1303 496 1366 ad
520 1304 618 1367 finem
641 1303 865 1384 revelationis,
888 1309 926 1365 ut
946 1303 1048 1386 ajunt,
1073 1310 1132 1366 aut
1146 1324 1208 1387 pro
1224 1304 1346 1388 deper·
1425 1285 1430 1295 ⁵

158 1407 230 1472 ditis
267 1427 327 1471 seu
364 1407 547 1470 subtractis
585 1407 685 1471 rebus
723 1407 805 1470 ferri
839 1406 964 1484 soient,
1003 1426 1023 1468 a
1052 1409 1180 1470 nemine
1208 1428 1345 1490 prorsus

156 1519 389 1596 praeterquam
413 1510 455 1574 ab
479 1508 649 1595 Episcopo
670 1509 891 1573 decernantur
909 1516 942 1572 et
957 1515 1036 1572 tunc
1049 1529 1115 1572 non
1131 1509 1224 1590 alias,
1248 1527 1346 1594 quam

158 1635 199 1677 ex
221 1635 258 1678 re
280 1636 346 1678 non
368 1613 516 1698 vulgari,
548 1635 717 1698 causaque
747 1613 924 1697 diligenter
948 1634 987 1675 ac
1010 1634 1131 1696 magna
1152 1615 1347 1676 maturitate

156 1737 213 1802 per
235 1715 442 1801 Episcopum
466 1719 658 1785 examinata
680 1738 767 1800 quae
791 1716 863 1799 ejus
886 1717 1029 1779 animum
1052 1724 1195 1796 moveat,
1218 1737 1280 1780 nec
1303 1716 1347 1778 ad

156 1839 210 1883 eas
233 1817 463 1889 concedendas
487 1819 633 1902 cujusvis
657 1819 840 1883 saecularis
858 1821 957 1882 etiam
972 1819 1205 1902 Magistratus,
1228 1827 1348 1882 aucto-

154 1925 253 1986 ritate
277 1921 463 1985 adducatur
486 1922 546 1986 sed
570 1929 676 1985 totum
699 1924 818 1986 hocin
842 1923 914 2006 ejus
938 1922 1077 1984 arbitrio
1094 1928 1128 1985 et
1144 1925 1356 1986 conscientia¹

154 2027 196 2088 sit
217 2028 380 2111 positum:
412 2025 546 2110 quando
569 2028 641 2109 ipse
665 2047 726 2110 pro
749 2047 795 2107 re,
818 2026 913 2107 loco,
948 2046 1093 2110 persona
1115 2033 1174 2088 aut
1195 2032 1346 2111 tempore

155 2148 211 2192 eas
242 2127 469 2192 decernendas
501 2149 575 2191 esse
603 2127 858 2218 judicaverit.*)
903 2128 942 2193 In
967 2131 1180 2215 causislvero
1200 2129 1345 2212 judicia-

152 2232 237 2308 libus
261 2231 438 2302 mandatur
462 2231 612 2296 omnibus
631 2231 800 2314 judicibus
823 2231 1089 2310 Ecclesiasticis,
1121 2232 1371 2316 cujuscunque.

154 2335 324 2420 dignitatis
348 2337 507 2413 existant,
540 2341 578 2397 ut
601 2335 867 2421 quandocunque
889 2337 1044 2423 executio
1067 2335 1168 2403 realis
1190 2336 1244 2400 vel
1265 2355 1346 2420 per-

152 2438 276 2502 sonalis
308 2441 341 2500 in
372 2437 521 2522 qualibet
550 2445 648 2523 parte
666 2439 783 2522 judieii
806 2441 945 2525 propria
968 2440 1170 2502 auctoritate
1196 2439 1238 2502 ab
1262 2441 1344 2523 ipsis

153 2541 226 2604 fieri
247 2548 371 2626 potest,
396 2541 585 2604 abstineant
609 2563 645 2606 se
668 2545 792 2605 tamin
815 2541 1026 2628 procedendo
1043 2561 1142 2626 quam
1158 2539 1344 2611 definiendo

155 2664 176 2706 a
199 2647 348 2708 censuris
370 2643 620 2708 Ecclesiasticis
644 2665 704 2709 seu
726 2645 920 2708 interdicto:
944 2644 1005 2708 sed
1026 2643 1127 2707 liceat
1149 2648 1207 2726 eis,
1234 2647 1262 2708 si
1285 2665 1347 2708 ex-

152 2747 270 2832 pedire
292 2748 474 2830 videbitur,
508 2751 545 2811 in'
565 2751 673 2812 causis
697 2748 850 2814 civilibus
872 2748 915 2812 ad
938 2751 1047 2813 forum
1068 2748 1345 2812 Ecclesiastieum

154 2851 403 2936 quomodolibet
423 2852 703 2935 pertinentibuS,'
723 2860 839 2916 contra
870 2874 1086 2938 quoscunque
1117 2853 1216 2916 etiam
1242 2851 1346 2918 laicos
1391 2883 1393 2894 r

151 2976 213 3042 per
236 2955 356 3020 multas
378 2957 609 3040 pecuniarias,
640 2977 726 3039 quae
749 2955 831 3019 locis
854 2958 934 3040 piis,
963 2956 1009 3019 ibi
1032 2956 1272 3028 existentibus,
1304 2975 1343 3019 eo

150 3061 226 3145 ipso
257 3058 348 3144 quod
379 3065 519 3123 exactae
550 3059 691 3141 fuerint,
729 3061 957 3142 assignentur,
990 3079 1049 3124 seu
1075 3061 1348 3145 perceptionem

148 3165 329 3248 pignorum
351 3183 636 3248 personarumque
659 3162 909 3242 districtionem,
932 3184 993 3248 per
1017 3184 1095 3227 suos
1118 3165 1348 3248 propriosaut

150 3266 280 3332 alienos
305 3273 504 3332 executores
526 3265 725 3348 faciendam,
750 3268 821 3329 sive
845 3269 944 3329 etiam
967 3287 1028 3350 per
1048 3269 1266 3350 privationem
1286 3267 1348 3330 be-

149 3371 355 3454 neficiorum,
380 3369 512 3454 aliaque
531 3369 617 3452 juris
640 3369 788 3432 remedia
810 3369 996 3454 procedere
1016 3377 1052 3451 et
1066 3390 1185 3433 causas
1202 3369 1347 3434 definire.

149 3472 286 3550 Quodsi
308 3475 462 3537 executio
486 3472 586 3536 realis
618 3473 673 3536 vei
702 3473 889 3557 personalis
920 3471 1082 3537 adversus
1105 3493 1182 3538 reos
1205 3473 1268 3536 hac
1290 3493 1347 3536 ra.-

147 3575 243 3640 tione
266 3577 338 3641 fieri
360 3597 426 3640 non
448 3579 584 3661 poterit,
610 3581 704 3654 sitque
726 3597 797 3652 erga
814 3580 948 3651 judicem
970 3582 1178 3652 contumacia,
1209 3587 1280 3638 tuno
1300 3597 1348 3638 eos

147 3684 244 3742 etiam
275 3684 479 3742 anathematis
508 3700 651 3741 mucrone
681 3679 820 3743 arbitrio
851 3701 911 3744 suo
942 3686 1078 3764 praeter
1108 3664 1199 3744 alias
1220 3699 1346 3766 poenas

206 3900 253 3976 *ἢ
270 3907 304 3962 iit
323 3907 449 3961 concessio
467 3907 591 3961 literarum
604 3907 800 3960 monitoriaiium
814 3908 955 3961 obtineatur
964 3907 1074 3974 quinque
1088 3921 1229 3960 concurrere
1242 3905 1345 3960 debent:

222 4013 242 4062 1.
259 4013 413 4074 nomInatim
432 4018 516 4064 eontra
534 4017 608 4063 testes
626 4029 677 4065 noa
696 4015 867 4064 conceduntur
885 4016 978 4064 ratione
996 4016 1101 4078 tormer,
1125 4014 1175 4064 nisi
1192 4013 1292 4076 praevia
1308 4012 1348 4064 di·

141 4101 255 4163 ligentis
274 4101 305 4150 da
323 4101 467 4162 exequendo
486 4102 584 4149 realiter
608 4100 647 4150 vel
665 4101 828 4164 personaliter.
1139 4147 1141 4152 .

222 4189 256 4238 li.
273 4185 328 4248 Res,
350 4199 394 4250 pro
413 4199 463 4249 qus
479 4188 524 4236 has
541 4187 626 4238 literae
645 4188 815 4238 conceduntur
832 4189 916 4250 exigui
933 4189 1056 4242 momenti
1073 4201 1123 4244 uon
1143 4189 1215 4242 ursa
1233 4201 1294 4244 em.

222 4275 267 4323 111.
286 4274 448 4323 Meritorium
466 4273 538 4323 dabat
556 4275 680 4324 continere
699 4275 835 4326 clausulam
850 4276 1044 4336 justificativam.

221 4361 265 4410 lv.
284 4359 446 4410 Adversarius
464 4365 542 4410 corius
560 4376 611 4410 non
629 4375 681 4411 csse
700 4362 780 4413 debet.

222 4447 252 4495 V.
270 4446 366 4496 ittarta
384 4447 445 4496 tales
462 4448 489 4496 in
507 4447 659 4510 subsidium,
684 4448 825 4511 deficiente,
845 4447 892 4498 aiis
909 4449 1067 4512 probatione,
1086 4449 1184 4503 drutus.
1199 4477 1233 4490 -
1248 4447 1345 4510 Quibus

139 4533 270 4594 omnibus
288 4535 362 4583 tacite
380 4535 459 4585 inesse
476 4535 686 4600 vituperationem
704 4536 824 4585 iohannis
842 4535 917 4584 XXH
940 4536 1143 4588 existimaverim
