3184 5222
728 460 768 523 at

154 649 337 732 concessit,
368 667 441 715 cum
466 648 561 735 justa
585 668 697 732 causa,
719 645 904 738 periculum
926 645 1077 714 nimirum
1097 645 1133 714 in
1154 663 1257 732 mora,
1281 642 1344 712 ad-

153 750 248 837 sige)

238 855 329 922 VIII.
361 857 484 923 Restat
503 866 541 923 ut
564 859 606 924 de
629 858 771 945 explosa
790 857 922 922 illorum
945 856 1112 921 sententia
1133 874 1243 943 pauca
1258 855 1344 922 affc-

152 981 274 1046 ramus,
297 962 354 1047 qui
377 961 587 1025 absolutione
609 962 671 1027 sub
695 960 886 1026 conditione
900 962 1077 1045 promissa,
1100 979 1174 1024 eum
1191 961 1248 1043 qui
1262 980 1344 1024 oon-

153 1064 269 1128 ditioni
289 1063 337 1127 illi
359 1082 425 1127 non
448 1065 655 1146 satisfaciat,
689 1065 819 1151 absque
848 1065 1027 1127 monitione
1055 1068 1171 1126 vetere
1203 1077 1345 1128 censura

151 1169 285 1249 irretiri,
308 1167 412 1232 veluti
434 1188 556 1233 novum
579 1168 660 1254 quid
683 1176 718 1232 et
739 1167 921 1232 inauditum
943 1166 1128 1253 proferant.
1160 1165 1343 1251 Fingamus

151 1253 252 1356 igitur
276 1261 436 1352 Stichum,
458 1290 692 1358 percussorem
715 1270 828 1336 clerici
850 1269 1021 1356 cujusdam
1050 1265 1093 1332 ab
1117 1271 1345 1334 excommuni-

152 1375 283 1440 catione
306 1393 347 1438 ca
370 1374 558 1439 conditione
581 1375 771 1439 absolutum
795 1395 886 1457 csse,
916 1380 954 1437 ut
975 1367 1117 1436 Romam
1138 1375 1343 1458 peregrinet,

151 1476 263 1562 ibique
286 1495 398 1541 coram
422 1475 556 1543 Summo
580 1478 744 1542 Pontifice
774 1499 849 1542 sese
879 1481 1082 1562 praesentet.
1126 1473 1343 1541 Admirabilis

150 1599 231 1644 vero
257 1577 391 1644 Stichus
414 1579 480 1644 iter
502 1577 585 1644 illud
606 1603 774 1667 nunquam
798 1579 1005 1666 aggreditur.
1033 1575 1121 1643 Num
1145 1578 1251 1643 denuo
1269 1599 1343 1642 eum

151 1682 392 1748 admonendum
414 1703 489 1748 esse
512 1704 639 1766 censes,
663 1699 772 1769 quem,
796 1683 982 1748 conditione
1004 1677 1061 1746 illa
1080 1703 1146 1747 non
1162 1681 1343 1768 adimpleta

150 1788 328 1850 incurrisse
350 1789 384 1848 in
406 1789 552 1872 priorem
575 1807 750 1851 censuram
772 1785 914 1874 pateat?
943 1775 1084 1866 Etenim,
1099 1785 1343 1851 absolutionem

148 1889 238 1953 illam
261 1889 516 1955 conditionalem
545 1889 760 1975 aequivalere
791 1890 1029 1973 „admonitioni
1059 1888 1100 1953 de
1129 1896 1205 1953 actu
1227 1889 1342 1954 futuro

149 1991 365 2078 praestando,
390 1992 452 2056 sub
467 2007 577 2078 poena
593 1993 708 2058 similis
725 2013 885 2058 censurae
902 1996 976 2079 ipso
992 1993 1084 2057 facto
1100 1991 1340 2057 incurrendae“

150 2093 328 2160 Suarezius
368 2092 521 2160 subtilius
559 2089 730 2181 docettt)
782 2095 1004 2160 Absolutione
1038 2102 1150 2160 autem
1187 2093 1343 2161 absolute

148 2199 239 2263 facta
261 2216 350 2262 nova
373 2217 523 2280 censura,
545 2219 634 2263 nova
657 2199 773 2264 itidem
795 2200 1017 2263 admonitione
1040 2220 1124 2286 opus
1148 2198 1221 2266 erit.
1253 2197 1343 2277 Quid

148 2297 254 2366 vero?
285 2302 313 2366 si
335 2292 503 2367 absolutio
525 2293 581 2366 illa
602 2305 728 2388 injusta
749 2302 837 2367 fuit?
873 2311 944 2366 tum
967 2309 1058 2366 certe
1082 2302 1341 2367 admonitionem

147 2405 469 2490 praetermittemus,
497 2405 620 2492 quippe
643 2405 792 2470 inutilem
813 2427 952 2492 prorsus
976 2403 1235 2471 solennitatem?
1272 2405 1341 2469 At·-

148 2515 260 2571 tamen
283 2529 308 2570 c.
324 2503 376 2571 48.
398 2506 450 2572 De
473 2508 595 2595 appell.
618 2511 672 2574 cit.
694 2511 825 2573 minime
848 2509 1040 2595 distinguit,
1064 2530 1122 2574 cur
1146 2529 1340 2574 excommu-

147 2611 323 2675 nicandum
346 2613 400 2694 sit,
423 2610 483 2675 sed
498 2607 700 2696 generaliter
716 2612 882 2698 prohibet,
906 2633 947 2677 ne
964 2607 1038 2698 quis
1055 2633 1229 2678 censuram
1250 2614 1341 2680 ferat

148 2713 278 2799 absque
299 2716 486 2778 monitione.
530 2708 642 2778 Alium
664 2718 799 2802 insuper
821 2715 930 2780 locum
952 2715 1129 2800 habemus,
1158 2719 1215 2802 qui
1234 2714 1341 2802 judici
1414 2767 1418 2774 .

148 2816 391 2883 absolutionem
414 2817 626 2882 malefactam
648 2819 821 2883 revocanti
844 2820 1026 2884 cavendum
1050 2840 1135 2904 esse,
1161 2822 1280 2903 firmet,
1302 2841 1341 2884 ne

147 2919 181 2984 in
202 2926 390 3008 revocatione
410 2926 547 2984 solennia
569 2919 784 3006 omittat.***)
808 2959 848 2967 -
874 2921 949 2999 Quo
971 2923 1045 2988 loco
1061 2925 1221 3008 gravitati
1236 2925 1340 2989 totius

147 3026 308 3088 materiae
340 3045 392 3090 me
423 3021 541 3089 obfore
572 3027 744 3111 existimo,
782 3027 810 3090 si
839 3022 1100 3091 admonitionem
1131 3035 1201 3092 tum
1232 3027 1339 3092 omitti

145 3147 248 3212 posse
277 3127 432 3210 afferam,
464 3149 537 3192 cum
568 3129 715 3193 defuncti
746 3132 1080 3197 excommunicentur.
1124 3131 1339 3214 Defunctum,

146 3226 291 3313 scilicet,
317 3232 568 3317 perseipsum
590 3253 656 3297 non
679 3253 754 3297 esse
778 3253 936 3318 capacem
959 3233 1191 3299 admonitionis
1213 3233 1340 3298 fatebi-

146 3349 236 3416 mur,
271 3333 411 3420 aliisque
440 3332 624 3400 rationibus
648 3353 713 3399 non
737 3357 882 3420 egemus.
928 3333 996 3402 Sed
1017 3335 1097 3401 nihil
1118 3345 1340 3424 praetereun-

146 3435 224 3503 dum
248 3439 322 3519 crit,
345 3437 435 3522 quod
456 3445 572 3502 nostra
590 3437 632 3502 de
648 3437 822 3524 disciplina
835 3440 923 3524 apud
937 3439 1136 3506 Canonistas
1148 3433 1338 3527 legaturi)

145 3575 188 3588 —
212 3525 423 3606 Generaliter
438 3562 536 3624 vero,
561 3563 674 3606 omnes
698 3563 784 3626 quae
807 3544 893 3607 hanc
913 3545 947 3606 in
969 3552 1101 3628 partem
1122 3543 1338 3631 proferantur

145 3646 379 3728 exceptiones,
408 3641 454 3709 nil
482 3645 545 3708 nisi
575 3649 791 3731 exceptiones
815 3667 901 3731 csse,
926 3647 1090 3732 probasse
1115 3647 1193 3713 mihi
1214 3649 1339 3714 videor.

214 3855 243 3926 *l
261 3861 394 3924 Susrez,
411 3862 484 3926 Disp.
503 3861 548 3912 111.
567 3862 632 3914 Soet.
650 3863 680 3916 X.
699 3877 725 3915 ιι.
742 3867 766 3915 8.
797 3865 900 3918 liobae
916 3866 932 3917 l.
952 3881 974 3918 o.
992 3881 1018 3930 p.
1031 3867 1089 3919 mr.
1134 3921 1138 3928 ,

196 3960 239 4030 “l
257 3965 439 4017 sarreria·
455 3966 472 4017 l.
491 3980 514 4020 a
531 3969 575 4021 at.

178 4065 241 4135 m)
258 4069 423 4128 Urolinrr
440 4071 458 4124 l.
475 4084 497 4123 c.
516 4041 541 4125 ι’.
559 4085 580 4124 o.
596 4074 637 4125 la.
656 4077 716 4126 M.

214 4168 245 4238 t)
263 4173 376 4224 Suam
394 4174 412 4228 1.
430 4189 451 4227 o.
469 4188 495 4227 n.
508 4177 551 4226 tt.
