3184 5222
789 397 873 506 '12

256 633 377 718 postea
406 629 440 694 in
468 626 602 694 modum
628 647 757 714 poenae
786 627 1011 694 vindicativae
1032 607 1157 718 imponi
1185 630 1399 716 inveniemus,
1415 629 1447 717 ⁸)
1527 629 1532 638 '

255 734 353 820 hanc⁴
370 734 522 820 regulam
556 734 666 800 locum
698 734 825 799 habere
857 733 1011 799 Oenones
1050 734 1292 820 Apostolorum
1330 735 1450 812 dicant·

258 837 333 915 Qua
354 838 395 902 de
418 859 454 901 re
479 835 560 901 Can.
584 836 707 920 30*l‘)=
745 836 804 920 „Si
827 841 900 922 quis
924 838 1109 922 Presbyter
1125 841 1309 924 ‚proprium
1333 861 1448 926 asper-

255 948 354 1004 natus
376 939 582 1026 Episcopum
606 962 756 1005 seorsum
780 941 1010 1006 conventicula
1033 945 1144 1026 egerit¹
1159 941 1193 1007 'et
1209 943 1316 1008 altare
1331 965 1449 1010 erexe-

184 1049 187 1054 '
254 1047 315 1124 rit,
344 1064 425 1106 cum
451 1043 492 1108 de
521 1044 610 1108 nullo
642 1048 775 1108 crimine
806 1044 1011 1130 Episcopum
1040 1048 1073 1108 in
1104 1049 1232 1130 pietate
1256 1068 1296 1110 ac
1315 1049 1445 1133 justitia

171 1203 175 1210 .
256 1147 493 1230 condemnarit,
519 1148 705 1233 deponitor,
728 1151 826 1233 quasi
849 1151 905 1233 qui
928 1150 1151 1234 principatum
1169 1150 1308 1214 ambiat:
1331 1159 1449 1234 tyran-

255 1271 316 1314 nus
348 1253 433 1314 enim
464 1257 525 1314 est.
570 1248 795 1315 Consimiliter
826 1259 859 1315 et
891 1251 1011 1336 reliqui
1042 1251 1171 1335 clerici,
1206 1256 1263 1338 qui
1285 1275 1380 1318 suum
1403 1255 1448 1319 illi

258 1353 420 1418 calculum
451 1363 642 1439 opponunt:
679 1354 756 1417 laici
785 1375 871 1446 vero
901 1376 921 1418 a
957 1357 1186 1420 communione
1219 1365 1448 1441 segregantor.

257 1457 371 1541 Atque
401 1457 486 1520 haec
509 1443 593 1542 post
621 1479 721 1520 unam
749 1467 782 1521 et
805 1461 884 1522 item
907 1458 1048 1523 alteram
1071 1480 1112 1521 ae
1134 1462 1268 1522 tertiam
1290 1459 1449 1546 Episcopi

255 1561 522 1626 exhortationem
552 1560 688 1624 fiunto.“
740 1561 822 1626 Inde
856 1569 952 1647 patet
991 1563 1166 1627 ecclesiam
1205 1565 1448 1648 eorreptionem

253 1663 344 1727 illam
366 1665 550 1728 fraternam
574 1684 614 1726 ae
636 1667 803 1748 privatam
827 1665 950 1740 diutius
974 1687 1040 1729 non
1061 1668 1256 1748 retinuisse,
1291 1665 1449 1750 singulis-

256 1789 320 1852 que
344 1766 549 1831 solummodo
579 1771 772 1851 permisisse
802 1776 840 1830 ut
871 1777 1090 1854 praeceptum
1114 1769 1353 1832 cohortationis
1375 1770 1448 1833 fra·

253 1879 387 1953 ternae,
419 1878 599 1955 antequam
630 1870 706 1935 lites
737 1871 781 1934 ad
809 1872 956 1955 judicem
980 1870 1244 1935 ecclesiasticum
1267 1871 1448 1956 deferrent,

255 1981 483 2058 sequerentur.
536 1973 696 2037 Attamen
729 1977 837 2058 ipsam
868 1975 1044 2038 ecelesiam
1073 1975 1194 2037 trinam
1225 1976 1446 2059 monitionem,

254 2084 434 2161 antequam
453 2076 634 2160 judicaret,
656 2081 880 2161 praemittere.
913 2074 1022 2154 Quam
1040 2076 1224 2140 doctrinam
1240 2077 1284 2140 ad
1299 2080 1447 2141 intimam

255 2178 465 2243 Christianae
488 2179 659 2264 religionis
683 2179 828 2244 indolem
849 2183 1029 2266 pertinere,
1054 2180 1196 2268 ideoque
1220 2201 1351 2266 semper
1374 2203 1447 2246 ser-

253 2283 398 2346 vandam
421 2303 496 2347 esse
519 2286 726 2368 sequentium
751 2299 884 2368 quoque
901 2284 1108 2348 saeculorum
1124 2269 1292 2369 legislatio
1310 2288 1447 2368 censuit,

255 2393 417 2470 extatque
445 2385 564 2449 relatio
595 2407 714 2450 sacrae
745 2387 865 2471 synodi
895 2386 1086 2473 Ephesinae
1110 2387 1153 2450 ad
1177 2386 1446 2472 religiosissimos

253 2489 479 2574 Imperatores
503 2488 545 2552 de
567 2489 716 2554 Nestorii
747 2491 973 2575 depositione.
1005 2511 1091 2575 quae
1116 2489 1269 2554 Canones
1294 2490 1447 2575 Aposto-

253 2592 360 2656 lorum
381 2593 414 2653 in
437 2595 631 2656 memoriam
642 2593 737 2657 nobis
753 2601 901 2658 revocat.
926 2593 1030 2678 Cujus
1048 2592 1153 2657 verba
1171 2600 1248 2656 sunt
1262 2591 1448 2677 haee***):

255 2692 360 2778 „Cum
384 2714 427 2757 ex
450 2693 599 2760 Nestorii
621 2696 871 2780 praedicatione
895 2705 928 2760 et
952 2697 1105 2760 doctrina
1128 2703 1362 2760 a··sanct0rum
1384 2699 1449 2782 pa'-

254 2804 342 2860 trum
365 2805 398 2861 et
421 2802 704 2863 sanctissimorum
727 2800 955 2884 apostolorum
977 2799 1158 2864 traditione
1182 2820 1320 2884 prorsus
1339 2798 1449 2863 aliena

255 2908 375 2964 exorta
396 2901 517 2965 fuisset
539 2901 748 2988 perturbatio
778 2925 844 2966 non
874 2903 981 2967 solum
1011 2905 1044 2964 in
1075 2921 1198 2985 magna
1220 2901 1277 2964 illa
1301 2903 1448 2981 civitate,

253 3024 369 3068 verum
392 3007 493 3068 etiam
515 3007 548 3068 in
570 3013 642 3069 toto
665 3014 832 3069 terrarum
856 3007 953 3086 orbe,
988 3012 1103 3069 vestra
1126 3005 1287 3088 majestas
1311 3012 1448 3068 sanctas

255 3106 414 3172 ecclesias
437 3109 566 3171 turbari
587 3109 734 3193 fideique
758 3117 792 3171 et
815 3130 916 3172 verae
932 3110 1069 3193 pietatis
1087 3106 1247 3192 dogmata
1264 3107 1449 3172 adulterari

253 3232 319 3274 non
343 3218 395 3274 est
416 3231 535 3295 passa:
568 3233 683 3275 verum
707 3233 751 3276 ex
775 3215 862 3276 omni
885 3211 1061 3297 metropoli
1083 3213 1251 3295 piissimos
1275 3217 1449 3296 metropo-

253 3314 392 3392 litanos,
423 3317 480 3398 qui
502 3313 691 3400 Episcopos
716 3315 922 3379 adducerent
954 3323 987 3379 et
1010 3314 1139 3399 aliquos
1164 3313 1303 3378 aliarum
1327 3316 1449 3377 civita-

254 3427 324 3482 tum
348 3421 525 3503 episcopos
555 3419 598 3481 ad
629 3419 716 3484 diem
745 3420 966 3484 Pentecostes
997 3419 1173 3482 convenire
1201 3419 1320 3502 jussit,
1355 3417 1448 3501 quod

254 3525 370 3606 utique
399 3524 559 3606 temporis
591 3527 736 3606 spatium
766 3523 809 3586 ad
841 3544 915 3586 eum
949 3530 1147 3587 conventum
1182 3523 1265 3586 satis
1299 3521 1450 3584 futurum

255 3624 442 3688 videbatur.
474 3624 728 3710 ....Vigesimo
754 3625 900 3690 secundo
931 3625 986 3688 die
1006 3627 1128 3689 mensis
1152 3624 1244 3689 Junii
1266 3623 1450 3688 secundum

255 3728 424 3792 Romanos
455 3732 653 3813 congregati
682 3751 811 3812 sumus,
848 3750 922 3791 eum
950 3728 1058 3813 pridie
1088 3749 1148 3814 per
1178 3727 1449 3812 religiosissimos

257 3829 420 3915 quosdam
451 3833 628 3916 episcopos
663 3834 874 3894 admirabilem
901 3831 994 3895 illum
1022 3832 1231 3914 Nestorium,
1264 3838 1302 3893 ut
1331 3838 1449 3895 nostro

257 3935 428 4001 consessui
458 3955 532 3998 sese
563 3935 781 4018 adjungeret,
810 3938 1013 4021 pietatisque
1045 3943 1077 3999 et
1107 3935 1186 3999 fidei
1209 3936 1451 4001 examinationi

256 4059 322 4102 uua
344 4038 516 4103 nobiscum
538 4041 736 4123 interesset,
764 4041 1025 4124 rogavissemus,
1048 4039 1238 4125 nullumque
1261 4039 1304 4103 ab
1329 4059 1368 4103 eo
1391 4057 1449 4103 re-

326 4228 353 4296 *l
372 4223 536 4352 thllling
563 4233 579 4284 l.
599 4245 619 4284 c.
637 4247 694 4295 pag.
709 4234 753 4286 37.
771 4235 814 4287 38.
842 4232 895 4286 urar
914 4234 1023 4296 excipias
1042 4233 1260 4295 „communionem
1277 4230 1449 4293 peragriusm‘

258 4317 321 4366 quaa
338 4315 400 4352 vocs
413 4315 447 4353 ur.

310 4383 356 4453 **)
374 4388 534 4438 Harduin:
558 4389 622 4437 Aeta
640 4387 707 4438 (ioue
733 4387 753 4438 1.
771 4403 797 4452 p.
810 4390 852 4442 15.

293 4470 356 4540 ***)
375 4474 522 4524 Harduin
540 4475 558 4526 l.
577 4487 598 4524 o.
616 4475 636 4525 1.
655 4488 680 4537 p.
693 4476 761 4524 1439
779 4488 818 4537 sq.
