3184 5222
844 463 887 540 8'6

217 653 218 656 Ἴ
265 663 479 757 eripuisset,
499 662 547 730 ad'
575 663 743 753 quendam
774 664 993 754 Capellanum
1023 689 1134 752 suum,
1167 669 1222 754 qui
1252 670 1296 734 ad
1322 669 1386 738 hoc
1406 673 1459 736 in-

176 847 179 850 ,
267 779 415 858 structus
437 777 587 854 venerat,
611 771 751 853 inflexit,
776 791 979 857 concrepans
998 781 1034 836 ut
1049 780 1197 836 mantum
1214 773 1342 840 afferet.
1384 775 1458 853 Quo

263 879 380 963 utique
411 877 482 940 sine
511 895 604 939 mora
638 873 751 958 delato
783 896 847 958 ,ex
869 871 980 938 divino
1007 875 1133 960 judicio
1164 877 1328 942 credimus
1353 883 1460 943 conti-

266 982 357 1065 gisse
381 977 472 1063 quod
496 1000 536 1043 ea
559 999 639 1064 pars
670 980 793 1060 manti,
823 998 909 1063 quae
939 987 1055 1064 tegere
1086 982 1254 1043 anteriora
1285 981 1459 1067 debuerat,

218 1115 220 1117 ·
264 1081 376 1146 multis
398 1081 587 1145 videntibus
617 1088 651 1146 et
683 1081 867 1146 ridentibus
891 1083 1082 1167 posteriora
1111 1083 1267 1167 tegebat,
1299 1092 1332 1148 et
1362 1088 1459 1150 sicuti

208 1211 209 1214 ¹
264 1192 376 1250 tortae
400 1187 520 1248 mentis
545 1191 578 1248 et
600 1186 794 1248 intentionis
819 1184 975 1268 obliquae
997 1187 1044 1247 ita
1065 1203 1108 1248 ex
1123 1192 1317 1251 transverso
1341 1195 1374 1252 et
1397 1190 1461 1253 ob-

265 1289 356 1373 liquo
371 1294 519 1350 mantum
530 1274 594 1350 luit
608 1290 642 1350 in
658 1289 883 1351 testimonium
898 1309 979 1352 suae
997 1288 1219 1354 damnationis
1233 1290 1458 1377 indutum.‘⁴*)

173 1423 175 1427 v
200 1475 203 1480 Ι
268 1428 309 1438 -
332 1392 458 1455 Postea
483 1397 594 1454 autem
610 1389 807 1461 Alexander
830 1394 960 1468 tertius,
984 1412 1004 1454 a
1025 1391 1149 1478 populo
1164 1391 1316 1458 Romano
1332 1395 1359 1461 'e
1382 1418 1459 1462 cus-

266 1495 371 1578 todia,
396 1515 462 1581 qua
485 1491 692 1560 Octavianus
718 1502 793 1560 octo
816 1516 878 1580 per
900 1496 970 1559 dies
994 1515 1069 1560 eum
1092 1496 1263 1582 affecerat,
1286 1497 1460 1584 liberatus,

209 1593 211 1596 ’
264 1602 297 1662 in
320 1598 374 1662 die
396 1601 472 1684 ipsa
493 1600 753 1662 consecrationis
777 1602 952 1664 terminum
961 1596 1016 1682 aa)
1039 1598 1136 1664 rivali
1159 1621 1219 1664 suo
1241 1601 1378 1666 indulsit
1402 1611 1460 1686 „ut

244 1703 309 1768 *ad
332 1705 438 1767 sinum
462 1709 495 1765 et
518 1704 678 1766 unitatem
702 1705 817 1768 matris
841 1701 1017 1767 Ecclesiae
1040 1702 1195 1767 rediret-.“
1243 1704 1372 1782 Quodsi
1394 1706 1458 1770 ad—

265 1805 402 1892 implere
427 1804 610 1888 distulerit,
638 1813 783 1869 extunc
807 1812 875 1870 tam
899 1827 973 1870 eum
997 1827 1097 1891 quam
1123 1806 1275 1872 fautores
1300 1810 1371 1895 ejus
1396 1831 1459 1874 ex-

266 1912 570 1977 communicationis
607 1905 739 1973 vinculo
778 1930 852 1974 sese
894 1912 1109 1974 astricturum
1149 1930 1224 1975 esse
1262 1911 1459 1978 Alexander

266 2013 393 2078 scribit.
426 2013 563 2098 Itaque:
588 2015 671 2097 „nisi
688 2015 776 2076 intra
792 2022 868 2077 octo
885 2014 967 2091 dies
990 2034 1129 2098 quorum
1148 2021 1291 2098 quatuor
1314 2016 1375 2080 tibi
1396 2039 1458 2103 pro

265 2120 382 2204 prima,
407 2116 490 2180 duos
513 2139 576 2202 pro
600 2116 765 2201 secunda,
797 2117 880 2182 duos
907 2117 1048 2200 denique
1070 2139 1132 2202 pro
1156 2121 1256 2181 tertia
1280 2122 1459 2184 monitione

267 2221 401 2303 damus,
428 2219 471 2282 ab
494 2222 628 2305 incepto
653 2223 831 2284 temerario
856 2220 1001 2284 desistas
1024 2240 1215 2305 papamque
1238 2229 1272 2284 tc
1294 2215 1360 2286 non
1383 2244 1459 2288 esse

268 2324 416 2408 legitime
440 2321 581 2389 electum
603 2323 812 2408 profitearis,
837 2325 1188 2388 excommunicationis
1212 2323 1326 2408 gladio
1350 2333 1384 2390 te
1406 2326 1460 2390 fe-

265 2423 408 2499 riemus“
425 2460 466 2472 -
482 2423 716 2491 Alexandrum
734 2426 861 2518 dixisse
886 2425 1044 2490 credibile
1068 2432 1120 2490 est
1137 2461 1177 2470 -
1194 2426 1320 2510 stiffi)
1343 2449 1461 2492 verum

214 2595 217 2599 .
268 2535 353 2597 enim
370 2551 450 2595 vero
472 2532 738 2615 quotusquisque
760 2529 873 2612 legum
895 2528 1150 2592 solennitatibus
1175 2529 1371 2616 scrupulose
1393 2553 1461 2595 non

265 2641 395 2716 utetur,
427 2653 511 2718 quas
543 2632 667 2696 nullum
696 2652 835 2716 prorsus
868 2631 1021 2696 effectum
1051 2630 1224 2696 habituras
1252 2650 1327 2696 esse
1351 2637 1461 2698 sciat?

265 2773 306 2787 -
334 2773 375 2782 -
398 2739 462 2800 nisi
492 2738 642 2820 excipias
672 2735 819 2799 fortasse
850 2735 1122 2825 admirationem,
1157 2757 1257 2820 quam
1288 2737 1465 2802 clementia

266 2841 343 2908 talis
363 2840 486 2926 judicis
512 2847 628 2904 contra
651 2838 753 2902 talem
776 2841 986 2904 criminosum
1008 2839 1131 2924 ubique
1154 2840 1310 2904 movebit.
1325 2877 1367 2886 -
1384 2839 1463 2906 Jam

265 2968 346 3012 vero
374 2944 459 3008 alias
484 2965 643 3009 censuras
666 2942 848 3008 terdecimo
873 2941 1006 3008 saeculo
1029 2942 1118 3006 latas
1134 2943 1322 3008 afferamus.
1363 2944 1462 3009 Anno

267 3049 476 3130 enim1247,
514 3036 689 3112 Ludovico
719 3069 806 3112 nono
835 3054 1015 3132 regnante,
1045 3045 1189 3110 barones
1207 3067 1327 3133 ,paene
1357 3051 1462 3112 totius

270 3154 413 3220 Galliae
427 3145 589 3218 communi
617 3150 754 3215 consilio
778 3159 895 3216 contra
919 3150 1114 3214 clericorum
1139 3153 1374 3236 usurpationes
1399 3173 1463 3216 ex-

268 3263 505 3338 surrexerunt,
537 3256 662 3341 quippe
695 3256 751 3338 qui
769 3246 1037 3338 jurisdictionem
1059 3253 1188 3317 civilem
1210 3275 1318 3339 paene
1341 3254 1463 3318 absor-

266 3362 395 3426 berent.
439 3357 531 3422 Finis
562 3360 664 3442 igitur
696 3360 932 3443 conspirationi
963 3360 1158 3442 propositus
1190 3365 1263 3421 erat
1293 3360 1461 3422 restitutio

262 3463 504 3552 jurisdictionis
538 3461 644 3525 civilis
674 3463 708 3524 iu
740 3463 848 3526 causis
871 3461 1040 3525 laicorum.
1086 3460 1185 3538 Quod
1209 3483 1293 3546 opus
1316 3462 1460 3526 barones

271 3589 345 3634 cum
366 3569 509 3653 impigre
534 3565 817 3651 aggrederentur,
849 3585 1035 3651 magnaque
1066 3565 1181 3650 populi
1204 3564 1379 3628 multitudo
1404 3585 1461 3629 as-

210 3701 211 3704 *
268 3674 418 3754 sentiret,
441 3669 654 3734 Innocentius
678 3677 818 3753 quartus
840 3669 999 3732 Pontifex
1016 3668 1186 3732 Romanus
1211 3671 1359 3754 „ingenti
1380 3689 1462 3754 per-

225 3777 229 3788 “
265 3778 362 3841 fusus
387 3781 439 3838 est
461 3771 639 3856 tristitia“;
664 3780 697 3836 et
713 3781 750 3838 ut
774 3794 831 3837 eos
855 3772 897 3836 ab
921 3774 1054 3858 incepto
1081 3774 1274 3858 impiissimo
1291 3779 1461 3836 averteret

269 3879 574 3960 conscientiamque
605 3896 719 3942 eorum
748 3875 977 3952 emollesceret
1008 3874 1253 3959 „admonitione
1275 3877 1461 3961 praemissa

250 3985 363 4050 ¹nimis
388 4003 445 4046 eos
468 3981 676 4066 perterruit,
697 3999 758 4045 nec
789 4001 824 4043 se
855 3982 904 4044 sic
930 3981 1034 4044 sensit
1057 3979 1264 4065 praevalere.
1310 3977 1461 4043 Contulit

251 4083 369 4172 ‘igitur
399 4083 510 4150 multis
541 4087 863 4170 consanguineorum
893 4106 1006 4150 eorum
1034 4083 1197 4150 beneficia
1221 4083 1459 4168 ecclesiastica,

337 4257 364 4328 *J
382 4261 564 4313 Muratori=
582 4262 671 4324 Script.
690 4275 737 4314 rar.
756 4262 836 4312 Italic.
854 4261 924 4311 Tem.
942 4261 985 4312 VI.
1002 4275 1028 4324 p.
1047 4261 1105 4311 973.

322 4343 368 4412 **)
387 4349 450 4400 Octo
469 4349 574 4400 dierum.
609 4349 712 4402 Eodem.

307 4431 367 4501 *Ἢ
384 4437 520 4487 Auctorem
538 4436 598 4500 Gap.
609 4439 650 4489 26.
669 4437 708 4488 Dc
725 4435 815 4504 appoll.
830 4437 854 4488 2.
868 4436 925 4501 284
943 4433 1106 4510 aeclesiastica
1120 4433 1252 4498 disciplina
1267 4432 1381 4485 Gratiano
1400 4445 1455 4482 ma·

270 4525 345 4592 gistro
364 4524 496 4578 imbutum.
522 4575 525 4581 .
