3184 5222
826 447 869 512 30

253 636 439 722 ferendam,
467 659 535 702 non
556 637 725 722 intelligo,
757 659 815 702 our
836 637 1026 722 detegenda
1048 641 1123 722 sint,
1170 657 1235 704 uae
1257 655 1359 724 saepe
1381 657 1445 702 nu-

252 762 344 806 mero
375 749 507 806 secreta
536 761 671 805 manere
699 741 854 806 debeant.
862 739 896 823 1ῧ)
940 739 1011 806 Sed
1039 741 1222 805 cavendum
1251 743 1316 806 erit
1342 739 1445 824 judici

208 914 210 918 ,
252 865 295 909 ne
317 863 436 908 nomen
467 846 632 908 criminosi
661 863 745 906 neve
775 846 1060 907 comminationem
1087 864 1250 908 censurae
1279 847 1383 929 ipsius
1411 847 1444 913 in

252 950 388 1032 scriptis
412 949 562 1028 omittat,
593 948 718 1030 quippe
740 967 827 1030 quae
850 967 1054 1031 magnopere
1075 955 1287 1032 peccatorem
1309 967 1444 1013 movere

252 1053 370 1136 possit,
392 1053 603 1135 ignora-ntem
625 1070 791 1136 persaepe
814 1057 883 1114 tam
905 1071 1023 1114 severe
1045 1071 1082 1114 se
1105 1053 1256 1134 punitum
1276 1052 1327 1113 iri.
1372 1049 1444 1114 Ob-

252 1160 323 1218 stat
354 1154 486 1238 quidem
519 1153 612 1217 locus
644 1153 716 1237 J’am
745 1175 848 1239 supra
880 1156 933 1218 cit.
955 1153 1050 1217 Paul.
1075 1152 1186 1218 lOor.
1209 1153 1239 1217 ὅ.
1284 1151 1444 1228 Quamvis

252 1259 339 1320 enim
354 1255 533 1320 verisimile
548 1259 602 1338 sit,
620 1255 668 1318 illi
684 1277 843 1320 censurae
859 1257 1113 1320 admonitionem
1127 1259 1347 1342 praemissam
1359 1275 1444 1336 esse,

252 1366 365 1424 tamen
394 1379 468 1423 eam
498 1348 784 1423 comminationem
816 1362 922 1444 ipsius
957 1361 1306 1423 excommunicationis
1336 1361 1444 1424 conti-

251 1465 382 1546 nuisse,
412 1483 578 1547 nusquam
607 1465 781 1548 reperitur.
825 1461 985 1531 Attamen
1011 1463 1082 1546 jam
1111 1463 1174 1526 hoe
1197 1485 1283 1546 „non
1305 1483 1380 1526 esse
1400 1461 1444 1530 de

252 1569 456 1632 necessitate
478 1569 537 1650 ita,
562 1574 601 1630 ut
619 1566 711 1628 nulla
733 1569 863 1630 ratione
885 1569 994 1650 possit
1013 1564 1168 1631 Ecclesia
1191 1567 1289 1632 aliter
1311 1569 1360 1630 uti
1381 1585 1444 1630 sua

251 1677 423 1758 potestate
444 1667 622 1734 absoluta“
645 1667 1017 1753 demonstravimusfi)

337 1773 566 1839 Personaliter
588 1794 669 1837 vero
692 1774 871 1838 admonme
893 1772 1068 1856 debemus,
1095 1793 1195 1859 quem
1215 1774 1444 1839 excommuni-

253 1897 330 1944 care
358 1877 469 1941 aliave
493 1897 637 1941 censura
664 1879 797 1941 irretire
825 1876 996 1960 volumus3
1031 1885 1101 1945 tum
1130 1881 1211 1963 quia
1234 1878 1275 1943 de
1297 1880 1443 1950 maximo

252 1983 419 2056 criminosi
439 1981 646 2067 praejudicio
664 1983 789 2064 agitur,
811 1987 882 2043 tum
902 1983 983 2064 quia
998 1984 1138 2052 nonnisi
1149 1984 1443 2046 communicatione

252 2107 326 2150 cnm
347 2092 525 2172 peccatore
546 2087 621 2170 ipso
633 2084 750 2156 habita
764 2086 972 2149 contumacia
984 2085 1056 2168 ejus
1067 2087 1226 2170 cognosci
1237 2083 1443 2170 poteram)

253 2186 349 2256 Solet
371 2197 484 2255 tamen
506 2191 633 2273 excipi:

338 2328 364 2393 Ῑ.
395 2329 589 2392 criminosus
613 2350 686 2391 cum
707 2325 828 2410 latitet,
860 2330 1066 2420 autquovis
1091 2327 1155 2394 alio
1177 2328 1276 2392 modo
1298 2330 1444 2415 rigorem

251 2429 337 2518 legis
361 2432 510 2517 effugiat.
555 2430 641 2496 Tum
664 2433 748 2496 enim
770 2432 804 2494 in
827 2431 961 2496 domum
984 2433 1055 2516 ejus
1079 2433 1336 2506 admonitionem
1357 2433 1445 2494 mitti

252 2536 406 2601 sufficiet.
452 2532 550 2613 Quod
572 2537 601 2598 si
623 2532 822 2600 domicilium
843 2557 908 2600 non
930 2535 1065 2618 habeat,
1089 2535 1133 2599 ad
1149 2534 1310 2606 ecclesiae
1325 2535 1442 2606 valvas

252 2639 431 2704 admonitio
455 2639 614 2723 affigatur
637 2645 781 2724 oportet.

337 2741 380 2816 Π.
410 2766 483 2809 oum
501 2741 572 2830 jam
593 2749 694 2809 antea
716 2745 780 2814 rite
802 2739 989 2806 admonitus
1013 2745 1074 2824 sit;

337 2847 397 2914 ΠΙ.
427 2871 500 2913 cum
529 2846 708 2911 admonitio
739 2846 784 2910 ad
817 2847 949 2918 domum
977 2848 1069 2911 facta
1097 2847 1289 2934 pervenerit
1321 2852 1443 2934 postea

253 2953 297 3020 ad
318 2951 470 3019 notitiam
492 2952 667 3015 criminosi.
710 2949 797 3022 Nam
818 2957 911 3024 certo
935 2953 1057 3022 certior
1078 2951 1150 3014 ficri
1172 2972 1238 3015 non
1260 2955 1384 3040 potest.

337 3053 396 3122 IV.
430 3077 502 3120 cum
531 3052 617 3118 male
646 3053 820 3120 absolutus
843 3056 903 3138 sit,
939 3061 973 3118 et
1002 3061 1124 3148 agatur
1152 3054 1194 3119 de
1215 3053 1442 3136 reincidentia,

241 3169 307 3247 'sat
330 3159 403 3243 erit,
425 3166 463 3224 ut
485 3159 528 3228 ad
549 3158 681 3228 domum
704 3159 870 3222 criminosi
894 3159 1022 3228 citetur.
1370 3157 1371 3164 ’

338 3262 380 3328 V.
410 3284 482 3334 cum
504 3283 645 3332 censura
668 3260 835 3348 generalis
857 3269 973 3326 contra
995 3280 1169 3346 personas,
1192 3281 1279 3345 quae
1302 3259 1365 3324 hoe
1387 3257 1442 3323 vel

250 3365 334 3435 iliud
347 3367 579 3448 commiserint,
601 3365 740 3448 feratur,
764 3368 904 3450 estant,
928 3365 1019 3452 quod
1041 3365 1219 3433 admonitio
1241 3365 1302 3429 fiat
1323 3367 1356 3429 in
1378 3361 1442 3426 ali-

252 3492 319 3556 quo
339 3470 415 3535 'loco
437 3466 627 3556 publicai)

338 3573 564 3646 Personaliter
601 3580 713 3641 autem
747 3575 920 3658 peccatori
954 3569 1209 3639 admonitionem
1241 3573 1443 3640 insinuatam

252 3700 328 3746 esse
357 3685 456 3751 antea
489 3677 554 3746 duo
588 3676 707 3744 saltem
736 3684 842 3744 testes
872 3675 1053 3761 idonciit)
1091 3677 1224 3746 firmare
1264 3667 1443 3743 debebant.
1498 3759 1505 3770 ·

320 3881 352 3954 ¹³)
369 3887 497 3951 Suessa,
516 3887 586 3952 Diap.
604 3886 649 3937 111.
675 3887 741 3939 Stet.
759 3886 803 3940 ΧΙ.
825 3900 852 3938 u.
867 3889 896 3938 ³.

303 3986 350 4058 ''¹⁸')
366 3991 485 4043 Suessa
502 3990 520 4043 1.
538 4005 560 4042 a.
583 4004 610 4042 n.
629 3993 654 4043 8.
677 3993 702 4044 9.

285 4087 349 4162 W)
366 4095 600 4161 Gourrruviu,
617 4095 646 4145 in
664 4098 743 4148 coust.
760 4095 826 4145 atara
842 4099 921 4146 mater
936 4096 961 4148 1.
984 4096 1006 4156 fi.
1023 4093 1070 4149 IX.
1087 4105 1158 4149 uum.
1176 4096 1248 4160 tuq.
1279 4091 1399 4154 Quintil
1415 4098 1443 4144 et

250 4182 430 4238 maineriis
448 4186 521 4236 textu
538 4182 716 4247 preadictum
732 4183 876 4246 ”estmer-
902 4181 1020 4242 Stmat
1035 4183 1056 4240 ,1.
1075 4197 1097 4240 a·

320 4287 350 4353 t)
369 4288 500 4339 Oouarr.
518 4287 574 4340 tc.
603 4287 835 4348 Itaittanatusl¹
859 4287 888 4337 Τ.
907 4287 937 4341 V.
960 4286 1000 4340 tit.
1018 4285 1137 4341 xxxix.
1157 4288 1239 4338 nit.
1275 4285 1445 4337 saimaie-

250 4375 398 4440 gruaber‚
418 4375 449 4426 V.
468 4373 585 4426 XXXIX.
602 4375 728 4428 numia.
754 4373 873 4444 Sueten
889 4373 906 4425 1.
925 4387 945 4425 a
966 4374 991 4428 t.
1010 4375 1035 4428 6,

302 4473 349 4544 ti)
368 4492 389 4529 a.
407 4479 449 4530 48.
467 4477 499 4528 X.
517 4477 555 4526 Da
572 4481 636 4529 sant.
654 4491 709 4528 axa.
728 4477 753 4530 5»
771 4477 812 4528 aa
