3184 5222
680 463 758 546 [35
841 543 848 552 ,

147 665 283 730 cessitas
308 670 366 728 aut
384 663 460 748 jura
477 660 568 728 aliud
584 659 785 748 postulent.“
818 659 961 746 Saepius
977 657 1334 728 videlieetneeessitas

146 776 201 833 aut
220 769 298 853 jura
317 767 424 853 judici
446 766 510 829 hoe
535 765 678 830 suadere
701 764 911 829 videbantur.
954 763 1072 847 Neque
1096 766 1202 834 miuus
1225 764 1336 830 subti-

145 872 220 936 litas
251 871 308 936 illa
332 869 558 954 distinguendi
587 872 673 934 inter
705 889 878 934 censuram
906 867 1065 951 irrjusuam
1094 866 1335 951 sed‘validam,

148 982 180 1038 et
201 976 287 1036 inter
311 993 486 1038 censuram
513 971 668 1038 absolute
690 971 813 1035 nullam
835 970 1019 1056 periculum
1042 970 1215 1035 afferebat.
1259 969 1336 1036 Non

146 1097 220 1140 raro
245 1079 330 1139 enim
348 1074 481 1160 judices
504 1078 624 1140 trinam
647 1077 859 1140 monitionem
880 1076 914 1136 in
938 1072 1049 1139 odium
1071 1074 1120 1136 rei
1143 1075 1334 1156 omiserunt,

146 1181 222 1264 quia
244 1177 391 1242 validam
422 1199 497 1242 csse
527 1177 629 1244 talem
659 1179 858 1244 sententiam
886 1175 1095 1242 nihilominus
1118 1175 1270 1244 sciebant
1292 1209 1335 1226 -··

33 1295 38 1307 '
146 1284 294 1369 episcopi
315 1285 515 1367 praesertim
536 1282 657 1367 quibus
680 1303 721 1346 ne
736 1281 950 1346 interdictum
970 1280 1104 1365 quidem
1123 1282 1165 1346 ab
1180 1283 1335 1364 ingressu

145 1386 307 1462 ecclesiae
329 1388 403 1470 ipso
423 1385 499 1470 jure
526 1385 727 1452 imminebat.
770 1384 930 1450 Profecto
960 1382 1142 1450 verendum
1172 1389 1263 1464 erat,
1292 1404 1335 1446 ne

145 1490 279 1554 monitio
309 1491 442 1573 penitus
467 1509 487 1551 a
508 1491 650 1575 pristina
674 1507 735 1552 sua
757 1495 894 1570 natura,
926 1507 1014 1572 quae
1037 1509 1110 1552 eum
1132 1505 1241 1573 poene
1262 1505 1335 1552 me·

146 1593 278 1657 dicinali
294 1594 479 1660 arctissime
496 1592 673 1676 conjuncta
690 1598 791 1674 esset,
808 1597 1017 1658 averteretur
1030 1611 1114 1656 neve
1127 1588 1332 1656 solummodo

146 1694 189 1761 ad
212 1694 418 1760 commodum
438 1695 560 1780 judicis
583 1696 784 1780 pertineret,
816 1696 872 1779 qui
903 1694 1098 1762 clementem
1127 1714 1203 1761 sese
1228 1694 1335 1760 fuisse

145 1799 298 1883 gloriari,
330 1819 439 1884 neque
462 1805 573 1862 tamen
598 1796 792 1864 elementem
814 1819 889 1863 sese
912 1805 1086 1885 praestare
1108 1796 1220 1862 vellet.
1264 1793 1334 1862 Sed

145 1905 338 1987 priusquam
370 1902 413 1966 ad
444 1903 700 1969 reformationes
731 1901 851 1987 synodi
886 1902 1102 1967 Tridentinae
1133 1899 1333 1982 accedimus,

145 2003 326 2088 paullulum
346 2009 458 2072 ,oratio
480 2013 596 2072 nostra
619 2008 648 2070 a'
662 2007 836 2091 proposito
860 2005 1041 2072 aberrabit.

695 2431 775 2523 Vll.
802 2482 807 2487 ·

141 2647 328 2729 Excursus
349 2649 543 2730 historicus.
598 2651 780 2744 Quaedam
803 2651 848 2729 de
875 2647 1332 2756 ,monitoriis'Panllianis.“

227 2829 361 2895 Etenim
396 2831 441 2896 ad
476 2832 710 2898 illustrandam
741 2840 891 2898 nostram
922 2830 964 2898 de
996 2831 1220 2898 admonitione
1247 2832 1332 2916 juris

142 2936 291 2998 canonici
319 2938 519 3000 sententiam
548 2935 648 3002 altius
678 2943 870 3021 repetamus
902 2955 1128 3020 censurasque
1149 2934 1333 3002 celeberri-

141 3057 214 3100 mas
230 3036 425 3116 duodecimo
441 3039 690 3124 terdecimoque
706 3037 840 3104 saeculo
856 3038 944 3104 latae
960 3038 1207 3112 consideremus
1223 3038 1332 3103 liceat.

141 3178 183 3186 —
206 3139 379 3203 Hadriano
400 3143 502 3225 igitur
526 3149 645 3226 quarto
668 3164 774 3228 papa,
799 3163 896 3227 quem
919 3140 1032 3226 paullo
1056 3148 1236 3226 antequam
1258 3163 1333 3205 mo-

141 3251 272 3308 reretur
303 3241 344 3318 de
366 3243 541 3308 Friderico
570 3248 676 3330 primo
699 3245 908 3330 Imperatore
933 3246 1249 3311 excommunicando
1273 3268 1332 3310 co-

141 3351 271 3433 gitasse
293 3347 383 3410 fama
405 3347 478 3429 fuit,
502 3347 677 3433 Anagniae
694 3350 862 3432 defuncto,
885 3352 1003 3435 ingens
1020 3349 1228 3414 diversarum
1249 3371 1332 3434 par-

140 3453 224 3516 tium
261 3456 429 3514 certamen
467 3454 612 3535 exarsit,
651 3473 790 3537 quarum
827 3452 935 3518 altera
972 3452 1179 3538 pontificem
1199 3471 1332 3517 servum

140 3663 365 3742 pugnatorem
378 3656 543 3722 libertatis
560 3658 708 3738 Italicae,
719 3659 894 3724 libertatis
911 3658 1051 3724 eundem
1071 3658 1331 3742 ecclesiasticae,

140 3758 266 3843 eligere
298 3760 462 3844 cupiebat.
507 3758 576 3826 Sed
606 3770 786 3849 postquam
815 3761 977 3826 cardinali
1005 3783 1066 3847 per
1095 3769 1165 3828 tres
1197 3761 1268 3826 dies
1298 3765 1333 3826 in

140 3882 287 3946 superna
306 3861 348 3924 de
371 3863 603 3930 substituendo
626 3867 783 3950 pontifice
799 3865 1052 3948 deliberassent,
1077 3885 1201 3948 ornnes,
1223 3865 1331 3931 tribus

140 3967 314 4050 exceptis,
338 3963 528 4058 Rolandunr
553 3968 804 4052 cancellarium,
827 3971 991 4032 inimicum
1009 3968 1245 4052 Imperatoris,
1275 3970 1332 4052 qui

139 4074 403 4154 posteanomen
425 4069 614 4134 Alexandri
635 4071 686 4138 111
709 4075 856 4157 accepit,
889 4077 1095 4137 creaverunt.
1141 4068 1215 4148 Quo
1238 4071 1331 4136 facco

140 4170 380 4259 Octavianus„
398 4174 545 4238 aemulus
570 4175 715 4239 Rolandi
739 4179 923 4239 intentam
946 4174 1121 4239 audaciam
1143 4176 1330 4237 vesaniam-

140 4295 207 4360 que
237 4278 407 4360 prorupit,
445 4284 482 4339 ut
511 4283 659 4341 mantum
689 4301 754 4364 quo
785 4279 884 4343 Prior
915 4278 1077 4344 ecclesiae
1106 4277 1330 4343 Diaconorum

138 4378 374 4442 Alexandrum
403 4380 574 4466 induerat,
604 4403 623 4446 a
655 4381 740 4446 collo
771 4382 883 4447 rivalis
914 4383 1058 4472 propriis
1082 4381 1232 4448 manibus
1255 4383 1330 4446 vio-

135 4469 247 4549 le’nter
278 4491 461 4552 excuteret.
508 4483 606 4566 Quod
636 4505 710 4552 cum
738 4507 823 4553 unus
853 4507 896 4553 ex
920 4481 1139 4556 senatoribus
1168 4487 1331 4556 caementi
