3184 5222
846 411 888 474 32

268 600 443 661 nocentius
467 604 608 682 quartus
631 618 672 660 ne
694 617 777 661 voce
802 595 952 679 „nullas“
975 603 1135 661 uteretur.
1171 594 1246 673 Qua
1268 597 1302 660 in

270 703 419 764 sentiunt
437 701 509 764 fere
527 721 639 763 omnes
655 698 912 782 Canonistae.*)
942 701 1035 764 Duas
1055 721 1136 764 vero
1154 703 1328 785 exception

271 824 336 887 que
353 825 410 866 eas
428 804 559 888 quidem
576 803 761 886 generales,
784 805 938 885 afferunt,
960 803 1017 866 ubi
1032 805 1120 866 trina
1135 805 1314 865 monitione
1331 829 1338 866 1

269 927 336 968 non
359 905 465 969 solum
490 907 598 988 ,judex
620 907 764 989 injustus
787 909 961 991 puniatur,
987 927 1102 970 verum
1125 909 1225 970 etiam
1247 907 1343 968 irrita

270 1031 337 1094 sus,
360 1009 517 1094 nullaque
541 1013 707 1074 sententia
729 1010 899 1074 reddatur.

357 1152 386 1193 a.
431 1129 543 1194 Judex
575 1130 768 1213 delegatuS,
799 1153 872 1193 cum
903 1129 968 1193 ulia
990 1152 1091 1214 quam
1120 1133 1208 1192 trina
1229 1131 1367 1192 monitio
1431 1149 1463 1188 nr

270 1236 417 1297 censuris
441 1233 586 1297 ferendis
609 1236 658 1296 uti
680 1240 829 1316 vetetur,
853 1234 1043 1296 mandatum
1067 1240 1159 1297 certe
1183 1233 1347 1296 excedere
1369 1230 1463 1294 vide-

269 1345 341 1419 tur,
372 1339 429 1421 qui
458 1340 696 1423 peremtorium
724 1335 798 1400 loco
828 1339 935 1399 trinae
966 1329 1155 1400 monitionis
1184 1335 1329 1400 adhibet.
1374 1331 1464 1396 Nihil

269 1448 382 1504 autem
403 1441 503 1522 facit,
533 1442 590 1524 qui
618 1439 741 1502 nnllam
763 1447 967 1524 potestatem
989 1437 1116 1503 habens
1139 1442 1203 1502 nisi
1226 1457 1422 1502 concessam
1444 1455 1464 1496 a

269 1544 457 1628 delegante,
473 1543 664 1606 mandatum
677 1545 872 1606 excesserit.
907 1541 1018 1606 Testis
1035 1550 1089 1606 est
1108 1542 1321 1606 Innocentius
1338 1535 1463 1624 111,**)

270 1649 326 1731 qui
355 1666 549 1732 processum
581 1655 696 1710 contra
725 1647 868 1709 formam
890 1647 1044 1730 rescripti
1066 1646 1208 1728 factum,
1232 1648 1363 1709 irritum
1387 1662 1464 1708 esse

268 1749 360 1814 hisce
382 1751 495 1815 verbis
518 1751 705 1814 denuntiat:
730 1747 884 1831 ,Dictum
906 1751 1042 1834 insuper
1065 1748 1299 1813 scholasticum
1323 1756 1358 1812 et
1382 1767 1465 1810 con-

264 1853 394 1938 quces
419 1875 496 1917 suos
519 1851 703 1918 invenimus
727 1855 832 1916 minus
856 1853 995 1936 provide
1017 1856 1232 1938 processisse.
1272 1851 1357 1916 Cum
1378 1852 1465 1916 enim

267 1959 302 2021 in
320 1956 441 2021 litteris
464 1961 587 2021 nostris
612 1958 735 2021 eisdem
758 1956 985 2042 principaliter
1003 1957 1227 2038 mandaretur,
1249 1963 1286 2019 ut
1302 1957 1345 2018 ad
1360 1974 1465 2040 prae-

268 2060 390 2124 dictam
421 2060 593 2125 ecclesiam
630 2060 852 2145 personaliter
887 2061 1083 2123 accedentes
1113 2058 1283 2144 'personae
1320 2047 1466 2122 idoneae

268 2164 587 2228 administrationem
618 2166 862 2234 committerent
892 2162 1078 2244 Abbatiae,
1114 2166 1166 2226 cui
1200 2163 1243 2227 ad
1272 2184 1356 2246 opus
1389 2162 1465 2245 ejus

267 2267 356 2332 fierit
378 2261 530 2332 hincinde
553 2269 736 2352 resignatio
764 2266 1029 2330 subtractorum:
1058 2269 1121 2350 ipsi
1143 2267 1285 2329 formam
1312 2265 1467 2328 mandati

268 2371 457 2457 Apostolici
479 2377 736 2454 transponentes
764 2369 822 2432 illo
854 2370 999 2453 capitulo
1028 2372 1284 2454 praetermisso,
1314 2370 1358 2432 de
1390 2368 1464 2431 aliis

269 2474 416 2538 articulis
439 2475 624 2536 inordinate
647 2473 823 2557 plurimum
846 2480 1088 2558 cognoverant:
1112 2473 1356 2558 propterquod
1380 2494 1466 2558 pro-

269 2599 398 2642 cessum
420 2581 568 2662 ipsorum
591 2583 708 2640 contra
730 2579 837 2640 nostri
860 2578 1001 2639 formam
1030 2579 1202 2660 rescripti,
1234 2598 1273 2639 ac
1291 2577 1380 2660 juris
1406 2597 1465 2639 or-

251 2661 377 2748 ..dinem
406 2687 622 2761 attentatum,
656 2685 778 2744 irritum
810 2685 993 2740 decernimus
1021 2689 1113 2756 atquc
1141 2685 1281 2753 inanem,
1314 2681 1466 2764 ideoque

267 2786 472 2868 mandamus,
496 2792 659 2868 quatenus
681 2783 721 2848 G.
739 2791 774 2848 et
795 2783 995 2867 quibusdam
1017 2782 1091 2846 aliis
1114 2782 1284 2846 sororibus
1298 2783 1466 2848 ecclesiae

267 2887 369 2972 (sicut
387 2889 516 2972 justum
537 2883 653 2969 fuerit)
676 2889 851 2968 restitutiS,
879 2893 912 2950 et
932 2887 1075 2949 formam
1097 2887 1244 2950 mandati
1265 2889 1373 2950 nostri
1398 2907 1465 2952 ex-

267 2998 345 3055 acta
360 2991 541 3075 diligenter
565 2989 756 3070 observata,
778 2993 812 3052 in
833 2990 968 3074 negotio
984 2993 1059 3074 ipso
1079 2991 1207 3053 ratione
1219 2992 1360 3074 praevia
1377 3012 1467 3075 prc-

266 3092 423 3159 cedatis.“
470 3093 545 3170 Qua
579 3092 621 3156 de
655 3114 768 3160 causa.
786 3113 948 3156 censurae
977 3095 1164 3174 sententia,
1199 3115 1297 3176 quam
1327 3093 1466 3178 absque

263 3201 355 3261 trina
376 3199 565 3280 monitione,
584 3197 692 3281 judex
716 3196 777 3260 sub
800 3195 973 3281 praedicta
993 3195 1142 3260 clausula
1161 3195 1335 3282 delegatus
1356 3197 1466 3278 feret,

264 3299 356 3366 nulla
380 3303 508 3364 omnino
533 3297 688 3384 erititi‘)

353 3422 384 3486 b.
429 3399 598 3505 Sequitur,
621 3421 711 3505 quod
733 3421 913 3484 secundum
936 3421 1034 3484 aliam
1050 3420 1241 3484 innocentii
1253 3419 1303 3486 IV
1317 3424 1351 3483 in
1375 3437 1466 3486 con*

267 3525 341 3591 cilio
364 3525 581 3610 Lugdunensi
603 3525 871 3588 constitutionem
881 3522 918 3608 i)
943 3528 1135 3611 episcopus,
1164 3527 1221 3610 qui
1247 3528 1465 3611 participan-

266 3637 335 3694 tem
351 3650 424 3693 cum
449 3630 733 3692 excommunicato
753 3630 790 3688 ob
806 3649 847 3707 eo,
873 3633 1159 3694 excommunicare
1168 3627 1231 3713 ii)
1251 3629 1341 3711 velit,
1366 3651 1466 3694 sem-

261 3753 328 3820 -per
351 3736 438 3796 trina
460 3735 638 3798 monitione
660 3735 709 3795 uti
727 3732 874 3816 jubetur.
920 3731 1146 3816 „Statuimus“
1169 3735 1276 3817 inquit
1300 3742 1357 3817 „ut
1378 3735 1465 3799 nul—

265 3836 318 3903 lus
348 3838 496 3922 judicum
532 3839 773 3922 participantes
811 3859 883 3901 cum
922 3840 1214 3904 excommunicatis
1248 3838 1290 3902 ab
1326 3859 1384 3923 ec,
1424 3843 1466 3905 in

335 4026 366 4096 ¹')
385 4029 493 4090 Avila,
513 4029 570 4078 Pare
583 4029 616 4080 11.
635 4028 693 4092 Gap.
706 4031 737 4082 V.
755 4030 818 4094 disp.
837 4031 857 4082 1.
882 4031 942 4082 dub.
953 4033 977 4082 9.
1005 4031 1147 4091 conatu,
1166 4045 1187 4080 o.
1205 4030 1270 4081 elme
1286 4034 1372 4092 meter,
1391 4047 1419 4094 p.
1439 4037 1466 4086 1.

267 4121 324 4182 §.it
342 4119 447 4168 numi.
478 4116 608 4178 Suerez,
626 4117 698 4178 Diep.
709 4117 753 4168 111.
773 4117 906 4169 Sestilii.
934 4117 1232 4181 Sohmslzgrueber,
1251 4118 1268 4169 l.
1281 4132 1302 4170 o.
1320 4120 1465 4174 n.-26.etc.

320 4203 364 4269 *ssJ
385 4219 404 4253 c.
423 4206 464 4255 22.
483 4203 507 4251 X
524 4203 562 4251 De
579 4204 702 4265 rescriptis
722 4207 745 4254 1.
764 4206 789 4253 3,
1395 4207 1397 4224 ²

306 4288 369 4357 ***)
388 4291 516 4352 Sueten,
536 4291 606 4352 Diep.
624 4291 670 4340 ΙΙΙ.
689 4290 753 4341 Sect.
771 4290 830 4345 xil.
847 4304 873 4341 n.
893 4295 916 4343 6.

337 4374 368 4443 e)
386 4362 408 4427 α’.
427 4380 451 4426 a.
471 4377 508 4425 no
526 4377 593 4426 sent.
611 4377 672 4429 uxo.
690 4378 720 4424 ln
738 4377 782 4428 v1.

324 4460 371 4528 ἢ)
388 4462 442 4513 scil.
461 4463 715 4514 excommunicatione
733 4465 825 4528 majore
842 4466 946 4518 efflare.
