3184 5222
827 451 932 519 16.

250 639 368 730 regula
392 641 520 730 Capitis
537 641 578 708 V.
603 645 656 708 eit.
684 644 783 732 etiam
813 641 963 706 adalias
988 653 1147 708 censurae
1171 641 1301 729 species
1324 648 1444 710 exten-³

253 747 350 811 ditur.
409 747 507 826 Quod
539 747 580 812 de
617 746 795 812 interdicto
830 754 863 810 et
899 748 1118 831 suspensione
1152 754 1248 831 patet
1282 769 1326 813 cx
1361 745 1444 832 Cap.

251 849 430 915 Statutum'
444 851 497 924 De
521 849 613 916 Sent.
635 848 819 934 Exoomffi)
865 848 969 935 Cujus
993 851 1098 914 verba
1120 858 1197 915 sunt
1218 851 1318 916 haec:
1342 850 1443 936 ,Sta-

250 961 358 1019 tutum
383 952 540 1038 Gregorii
550 954 679 1048 ,Papae
703 953 821 1018 decimi
850 953 977 1016 facturn
1007 953 1050 1016 ad
1079 952 1339 1020 declarationem
1363 976 1443 1018 con-

249 1058 431 1120 stitutionis
454 1057 744 1143 Innocentianeae,
772 1077 858 1142 quae
874 1057 1289 1144 prohibetpartiqipantes
1306 1079 1443 1122 excom-

249 1163 424 1248 mnnicatis
442 1181 482 1224 ea
497 1163 766 1246 participatione,
787 1182 873 1244 quae
889 1160 997 1224 solum
1016 1163 1176 1225 minorem
1194 1161 1330 1244 inducit,
1345 1162 1444 1246 ligari

250 1265 378 1348 majore
402 1263 740 1328 excommunicatione
770 1267 948 1328 monitione
979 1268 1139 1346 canonica
1167 1286 1232 1330 non
1261 1267 1442 1350 promissa:

252 1373 285 1428 in
300 1373 506 1446 suspensionis
529 1379 557 1428 ct
578 1373 727 1428 interdicti
747 1374 900 1429 sententiis
929 1367 1031 1453 (quae
1059 1390 1121 1454 pro
1151 1368 1340 1453 hujusmodi
1361 1389 1443 1453 par—

252 1473 447 1556 ticipatione
483 1470 669 1556 plerunque
704 1471 746 1534 ab
781 1471 955 1535 ordinariis
986 1472 1041 1535 vel
1075 1470 1240 1556 delegatis
1273 1471 1442 1556 jndicibus

251 1573 520 1660 promulgantur)
542 1577 765 1660 praecipimus
781 1575 1017 1640 inviolabiliter
1034 1576 1215 1640 observari.
1248 1574 1443 1641 Decernen-

250 1679 462 1743 tes-easdem
484 1680 667 1742 sententias
691 1699 757 1743 non
779 1685 894 1744 tenere
917 1678 1014 1742 aliter
1037 1678 1278 1763 promulgatas.
1287 1675 1342 1762 aa)
1377 1676 1443 1742 So-

248 1782 316 1846 lum
340 1786 429 1847 circa
448 1782 661 1845 interdictum
692 1783 1023 1847 animadvertendum
1050 1786 1114 1846 erit
1125 1781 1200 1866 aas)
1224 1782 1315 1868 qnod
1336 1785 1441 1846 inter-

252 1885 329 1948 dum
351 1892 491 1972 propter
520 1887 618 1949 unius
642 1884 774 1970 culpam
796 1889 860 1950 toti
883 1888 1093 1950 universitati
1115 1889 1294 1971 imponitur
1318 1885 1442 1970 („mix-

251 1986 342 2052 tum“
366 1989 467 2073 vulgo
491 1987 717 2073 sic'dictum),
747 1996 827 2052 tunc
855 1991 976 2053 etenim
999 1989 1179 2053 admonitio
1203 2011 1268 2054 non
1291 1991 1441 2054 omnibus

252 2091 313 2157 sed
336 2092 442 2156 solum
466 2095 510 2176 ei,
535 2092 578 2156 ob
601 2093 694 2177 cujus
719 2093 849 2178 culpam
874 2113 1014 2157 censura
1035 2094 1158 2178 fertur,
1181 2094 1337 2158 facienda
1360 2096 1441 2176 erit3

251 2219 324 2262 cum
348 2197 403 2260 alii
422 2180 488 2261 non
510 2199 576 2261 sint
600 2205 823 2279 contumaces,
846 2217 954 2281 neque
977 2197 1143 2283 puniendi.

322 2298 413 2372 -Sed
421 2308 459 2363 nt
475 2300 518 2364 ad
536 2321 604 2384 cos,
623 2301 743 2386 quibus
760 2300 942 2364 admonitio
956 2299 1113 2372 facienda
1131 2303 1203 2384 crit,
1220 2309 1440 2385 transeamuS,

250 2424 368 2491 parum
391 2404 513 2479 refert,
544 2427 620 2468 num
649 2407 893 2486 universitates,
918 2425 959 2466 an
990 2403 1111 2488 singuli
1137 2425 1298 2470 censurae
1328 2405 1441 2489 gladio

249 2507 343 2572 feriri
373 2507 535 2589 debeant,
572 2515 791 2592 praeceptum
822 2505 905 2591 Cap.
927 2505 968 2568 V.
999 2509 1052 2571 cit.
1081 2506 1292 2572 inviolabiter
1323 2507 1442 2572 obser-

248 2610 395 2674 vandum
419 2613 491 2675 crit.
500 2609 538 2693 1)
561 2647 602 2656 —-
625 2611 786 2693 Attamen
808 2616 965 2694 spectant
987 2609 1071 2674 haee
1094 2609 1299 2675 solummodo
1323 2611 1366 2674 ad
1389 2614 1441 2675 in—

248 2714 428 2778 terdictum
450 2720 552 2800 atque
575 2714 619 2779 ad
646 2716 906 2799 suspensionem.
950 2711 1083 2777 Etenim
1107 2735 1317 2801 summopere
1336 2713 1442 2799 judici
1484 2739 1491 2744 ·

249 2818 434 2882 cavendum
458 2825 525 2901 est,
556 2839 597 2882 ne
629 2818 978 2882 excommunicationis
1004 2821 1204 2882 sententiam
1228 2825 1345 2882 contra
1367 2819 1441 2882 uni-

246 2925 428 2987 versitates
441 2924 512 2986 sive
525 2921 666 3007 collegia
683 2921 845 3007 proferat.
867 2920 920 2984 De
932 2941 999 3005 qua
1014 2941 1051 2984 re
1062 2919 1274 2986 Innocentius
1290 2919 1364 2986 Νι
1377 2916 1441 3003 ll)

249 3024 308 3108 „ln
341 3027 593 3094 universitatem
622 3026 676 3090 vel
707 3023 883 3108 collegium
910 3025 1057 3109 proferri
1089 3025 1440 3089 excommunicationis

248 3131 449 3193 sententiam
471 3131 603 3215 penitus
627 3128 855 3215 prohibemus:
879 3126 1029 3191 volentes
1053 3131 1236 3192 animarum
1258 3127 1441 3212 perieulum

247 3235 373 3314 vitare,
406 3234 496 3316 quod
521 3232 642 3296 exinde
666 3234 761 3315 sequi
783 3229 917 3316 posset,
946 3252 1020 3294 cum
1041 3252 1288 3316 nonnumquam
1311 3233 1440 3295 contin-

248 3342 346 3420 geret
367 3337 521 3399 innoxios
544 3335 734 3419 hujusmodi
756 3337 922 3398 sententia
944 3336 1084 3417 irretiri,
1115 3335 1231 3400 sedin
1254 3334 1328 3400 illos
1354 3335 1441 3398 dun*

250 3438 348 3503 taxat
372 3439 414 3504 de
438 3437 578 3524 collegio
602 3438 656 3504 vel
678 3440 913 3521 universitate,
945 3459 1028 3523 quos
1053 3437 1235 3524 culpabiles
1259 3459 1335 3504 esse
1359 3453 1440 3504 'con-

318 3628 347 3696 *)
368 3648 390 3684 e.
409 3635 450 3682 13.
469 3632 507 3680 De
525 3631 594 3682 Sent.
614 3633 673 3680 Ena.
700 3631 731 3680 in
750 3631 790 3682 Vl.
810 3623 834 3681 δ’.
855 3633 894 3681 11.

305 3715 349 3784 ss)
369 3719 470 3770 Fallunt
496 3723 578 3766 eutem
606 3719 665 3766 haec
691 3732 721 3766 es
745 3711 968 3780 ds'suspensione,
994 3731 1068 3780 quam
1091 3717 1231 3780 Episcopus
1254 3731 1286 3766 ex
1308 3717 1440 3767 informata

248 3805 378 3866 sententia,
397 3808 425 3854 ut
441 3804 697 3866 dicituqsecundum
716 3819 771 3866 cap.
791 3819 863 3866 ,cum
882 3803 1023 3853 honestius“
1042 3805 1111 3852 ierat.
1146 3803 1291 3864 Meliten,
1313 3804 1373 3866 ,das
1389 3805 1439 3853 Ka-

247 3891 365 3941 nonische
385 3891 646 3952 Gerichtsvcrlahren“,
665 3906 691 3954 p.
708 3893 767 3941 226.
803 3893 874 3940 tunc
892 3889 984 3939 etenim
1008 3889 1079 3938 nulls
1101 3889 1173 3950 legali
1191 3889 1450 3962 solennitateobssra

247 3982 319 4040 vete,
344 3991 400 4028 reus
419 3957 521 4027 censura
539 3978 652 4039 distringi
668 3955 766 4042 potest,
794 3966 932 4041 frustraque
950 3974 1129 4039 conquesturus
1148 3979 1199 4038 tet,
1225 3977 1289 4037 quod
1309 3977 1438 4038 suspensio

247 4067 341 4128 absque
365 4065 507 4115 monitione
526 4066 646 4116 canonica
668 4065 718 4114 lata
736 4065 777 4116 sit.
812 4065 903 4115 Utilius
926 4078 985 4113 saue
1002 4064 1051 4112 tale
1069 4063 1129 4125 quid
1148 4062 1328 4124 ambitionique
1344 4064 1439 4124 praela-

248 4154 332 4202 torum
349 4153 428 4214 magis
445 4134 603 4214 inserviens,
620 4167 695 4216 quam
719 4164 856 4201 consonum
873 4151 971 4201 videtur
995 4163 1060 4212 esse,
1083 4163 1135 4200 non
1159 4149 1240 4200 solum
1259 4162 1315 4198 cum
1333 4149 1439 4212 pristine

247 4236 298 4300 lile,
316 4251 404 4292 verum
422 4239 497 4289 etism
515 4253 572 4288 cum
590 4241 658 4288 omni
676 4238 840 4287 ecclesiastica
858 4237 1002 4300 disciplina}

289 4320 350 4386 ***)
369 4326 504 4388 Suessa,
522 4327 596 4389 Disp.
615 4326 663 4378 111.
681 4324 745 4376 Sect.
764 4323 830 4376 v111.
851 4327 874 4375 2.

317 4407 347 4476 1)
368 4413 540 4474 Ugolinus,
558 4413 575 4463 1.
593 4427 614 4462 c.

300 4495 347 4564 11)
367 4498 426 4564 Gap.
446 4501 468 4552 t.
487 4500 525 4550 De
542 4499 609 4552 Ssut.
628 4499 731 4548 Essem.
750 4499 776 4548 iu
795 4499 838 4549 v1.
856 4498 885 4547 ln
903 4499 960 4551 fine.
