3184 5222
718 463 757 530 21

145 653 276 720 valeat?
315 653 449 720 Etenim
471 657 682 741 ignorantem
703 655 938 722 inuincibiliter
970 677 1090 722 severa
1118 657 1204 745 legis
1226 680 1336 746 poena

144 761 277 826 afficere
300 779 432 845 semper
451 759 573 843 judicis
598 759 672 824 duri
696 767 797 844 atque
819 761 988 824 inhumani
1009 761 1142 826 videtur
1166 767 1251 828 esse.

228 862 324 940 Quae
347 885 420 926 cum
442 867 491 926 ita
513 866 588 946 sint,
613 866 876 927 controversiam
898 871 1023 928 motam
1040 866 1128 928 inter
1142 867 1233 930 viros
1251 866 1337 930 doc-

144 969 286 1030 tissimos
311 965 353 1030 de
377 968 504 1050 origine
527 987 687 1030 censurae
710 967 801 1030 latae
824 969 1020 1049 sententiae,
1043 967 1135 1032 haud
1152 967 1333 1033 difficulter

145 1069 405 1154 dijudicabimus,
451 1067 535 1132 Sunt
567 1071 670 1152 enim,
702 1073 759 1154 qui
790 1069 905 1133 decem
935 1069 1163 1154 per'saecula
1184 1073 1335 1154 ignotam

143 1173 243 1235 fuisse
265 1171 359 1234 hanc*
374 1192 534 1235 censurae
558 1171 837 1262 speciem,·iidem
860 1173 951 1236 baud
966 1172 1085 1236 leniter
1102 1179 1209 1237 totam
1224 1173 1337 1238 eccle-

143 1278 210 1340 siae
231 1277 393 1338 rationem
415 1277 682 1359 perstringentes
708 1275 912 1340 contendant
920 1272 974 1358 l⁶),
1009 1283 1086 1338 sunt
1110 1296 1254 1360 quoque,
1272 1281 1336 1362 qui

143 1385 266 1458 contra,
290 1383 410 1461 quarto
430 1378 500 1460 Jam
523 1375 658 1440 saeculo
678 1377 853 1442 ecelesiam
869 1377 1030 1462 regulam,
1053 1381 1214 1442 neminem
1231 1399 1336 1444 causa

144 1481 329 1544 indiscussa
362 1501 504 1544 censura
535 1481 747 1544 afficiendum
780 1501 874 1564 esse,
912 1481 1090 1567 infregisse
1124 1489 1270 1547 teneant.
1278 1482 1335 1568 aa)

144 1583 241 1661 Quod
269 1585 298 1646 si
325 1581 415 1646 idem
445 1603 521 1646 esse
551 1603 709 1647 censuras
738 1583 829 1646 latae
860 1585 1045 1648 sententiae
1076 1590 1178 1668 atque
1206 1604 1333 1669 poenas

141 1686 365 1750 vindicativae
384 1685 614 1767 concedimus,
647 1707 805 1750 censuras
835 1686 926 1749 latae
957 1689 1143 1750 sententiae
1162 1688 1234 1770 Jam
1254 1687 1334 1752 inde

141 1792 297 1873 aquinta
318 1787 376 1851 illa
406 1789 535 1871 synodo
559 1787 932 1874 Constantinopolitano
954 1788 1182 1872 introductas,
1211 1797 1336 1875 postea

141 1893 271 1959 demum
293 1911 401 1977 paene
424 1893 457 1968 in
479 1892 649 1973 infinitum
665 1899 782 1958 auctas
805 1912 882 1956 esse
903 1891 1120 1956 censebimus.
1149 1891 1173 1956 J
1175 1905 1228 1955 am
1241 1915 1334 1968 vere,

140 2003 176 2058 ut
190 1993 234 2058 ad
248 1997 457 2079 propositum
472 1993 659 2076 redeamus,
681 1997 895 2058 monitionem
907 1996 992 2079 juris
1011 1992 1181 2078 Oenomai,
1196 1999 1236 2060 iis
1253 1989 1334 2062 cen-

139 2100 235 2180 suris,
256 2117 345 2182 qnae
366 2096 456 2160 letae
479 2099 666 2160 sententiae
689 2097 853 2180 dicuntur,
879 2117 965 2182 quae
989 2097 1122 2181 quidem
1144 2097 1225 2161 nihil
1241 2099 1332 2164 aliud

141 2208 226 2274 sunt,
248 2220 351 2286 quam
373 2219 502 2286 poenae
525 2199 760 2288 vindieativae,
784 2213 850 2262 non
873 2220 948 2267 esse
970 2201 1250 2284 praemittendam
1273 2223 1333 2266 sa-

138 2309 181 2369 tis
203 2311 298 2390 patet
319 2324 363 2368 ex
385 2306 461 2387 ipsa
477 2323 588 2366 rerum
602 2309 732 2365 natura.
755 2287 918 2367 Attamen
930 2302 1039 2387 legem
1060 2324 1194 2389 quoque
1211 2305 1335 2368 afferre

138 2428 326 2494 possumus,
350 2427 437 2490 quae
459 2406 548 2470 idem
570 2408 681 2470 firmat
702 2407 901 2490 probatque.
945 2407 1117 2492 Praecipit
1140 2409 1225 2470 enini
1247 2407 1332 2472 Ale-

138 2510 267 2574 xander
303 2511 423 2572 tertius
456 2511 489 2571 in
520 2507 669 2572 Concilio
700 2507 921 2572 Lateranensi
954 2507 1330 2594 (a.1159hab.):i·**)

139 2614 336 2698 „Praesenti
359 2610 495 2675 decreto
518 2615 714 2694 statuimus,
745 2619 781 2676 ut
803 2631 865 2676 nec
887 2611 1048 2696 praelati,
1079 2615 1142 2676 nisi
1173 2615 1332 2677 canoniea

137 2717 315 2779 monitione
336 2717 522 2798 praemissa
545 2717 772 2799 suspensionis
796 2715 850 2778 vel
873 2717 1223 2780 excommunicationis
1253 2735 1333 2779 sen-

138 2821 279 2884 tentiam
299 2819 412 2882 serant
437 2819 470 2880 in
500 2817 690 2900 subjectos,
719 2821 782 2882 nisi
811 2819 901 2882 forte
930 2817 1008 2880 talis
1032 2820 1076 2882 sit
1099 2817 1214 2902 culpa,
1245 2838 1334 2903 quae

136 2926 210 3008 ipso
235 2942 295 2986 suo
319 2941 441 3005 genere
470 2922 697 3004 suspensionis
725 2920 780 2984 vel
810 2922 1159 2985 excommunicationis
1189 2941 1333 3005 poenam

136 3023 303 3089 inducat.“
902 3027 904 3032 ‘

222 3127 282 3192 HI.
318 3126 447 3204 Quibus
470 3127 622 3190 omnibus
648 3127 902 3208 difficultatibus
926 3127 1085 3208 sublatis,
1118 3147 1193 3194 cum
1214 3133 1333 3212 pateat

137 3232 394 3307 admonitionem
416 3234 546 3295 nonnisi
567 3233 608 3293 iis
633 3234 798 3312 censuris,
831 3245 918 3315 quae
949 3231 991 3295 ab
1014 3229 1330 3312 hominaferantur,

133 3338 244 3420 iisque
274 3336 438 3398 censuris·
453 3355 473 3399 a
489 3334 592 3417 jure,
623 3355 710 3418 quae
739 3335 830 3398 latae
860 3336 1047 3397 sententiae
1074 3355 1140 3396 non
1170 3339 1247 3396 sunt
1280 3331 1332 3415 (ut

135 3440 286 3502 terminis
309 3439 443 3500 usitatis
466 3435 613 3518 utamur)
642 3435 924 3522 praemittendam
945 3455 1030 3515 esse,
1061 3435 1241 3500 artioribus
1261 3436 1333 3518 jam

133 3542 256 3607 finibus
280 3539 398 3626 regula
419 3547 535 3604 nostra
556 3540 861 3604 circumscribenda
881 3543 954 3622 erit,
978 3542 1057 3623 quia
1080 3546 1113 3602 et
1131 3542 1165 3602 in
1182 3540 1331 3604 censuris

133 3645 214 3707 latis
237 3663 298 3728 per
320 3646 505 3707 sententias
529 3643 704 3726 generales
721 3664 778 3717 pro
792 3649 922 3720 peccatis
934 3647 1046 3723 futura
1070 3641 1249 3705 admonitio
1265 3661 1332 3704 non

132 3747 327 3832 requiritur.
368 3745 448 3832 ⁸Qua
468 3747 502 3808 in
525 3766 563 3808 re
587 3748 799 3810 consentiunt
821 3767 933 3810 omnes
957 3742 1221 3828 Canonistaevi)
1268 3801 1272 3808 .

206 3899 233 3967 *J
253 3919 278 3954 r.
296 3905 400 3966 Eapan
419 3904 466 3955 lll.
490 3904 528 3951 tit.
546 3901 590 3950 XL
616 3917 635 3951 a.
648 3906 671 3954 6.
689 3907 767 3952 nili.
787 3905 829 3955 20.
864 3903 1068 3964 schillingi.
1086 3917 1107 3952 c.
1124 3917 1183 3966 pag.
1203 3905 1261 3964 189,
1289 3905 1332 3968 qui

132 4003 203 4039 anno
222 3993 289 4040 1190
307 4005 388 4040 eamn
408 3991 532 4040 Clemente
550 3972 667 4052 pontifice
684 3991 853 4039 introductam
872 4004 924 4040 esse
947 4005 969 4041 c.
985 3991 1025 4042 14.
1044 3990 1076 4040 X.
1094 3991 1132 4038 De
1151 3993 1215 4042 sent.
1233 4003 1330 4040 excom.

131 4077 251 4126 sustinet.
288 4077 335 4126 Oui
353 4077 428 4138 objici
446 4081 536 4139 potest.
557 4090 577 4127 a.
592 4078 634 4128 26.
653 4076 685 4125 X.
697 4077 742 4139 ¹De
760 4078 849 4140 appell.
868 4079 892 4126 2.
911 4079 959 4139 285
978 4091 1009 4125 ax
1027 4091 1076 4139 quo
1095 4076 1266 4144 Alexandrum
1282 4080 1331 4127 iar-

131 4165 200 4211 iium
216 4165 268 4224 jam
288 4165 423 4224 respexisse
442 4177 464 4210 a.
485 4153 559 4212 riba.
579 4164 714 4224 sementim
731 4164 796 4210 latua
813 4175 942 4210 censuram
959 4161 1047 4212 elucet.

129 4319 167 4368 DI
183 4244 355 4366 ῖᾚχοῢοι
381 4249 399 4302 i.
418 4262 438 4299 e.
464 4264 488 4311 p.
509 4250 612 4300 11157.
650 4248 789 4299 Concilium
813 4249 954 4310 (tungrense
977 4263 1000 4299 a.
1019 4250 1068 4297 set
1087 4249 1142 4298 hab.
1161 4251 1237 4302 affert
1266 4263 1287 4301 o.
1307 4231 1331 4302 1.

168 4329 202 4368 ,δ’
292 4351 298 4366 ι
885 4337 887 4344 .
1335 4337 1337 4342 .

169 4399 233 4469 ***)
252 4403 279 4453 O.
297 4405 339 4455 26.
357 4402 390 4455 X.
408 4404 447 4452 Do
464 4403 552 4466 appell
571 4405 596 4453 2.
615 4407 656 4457 28.

206 4486 238 4556 e)
255 4489 460 4540 Feliciauus:
485 4489 646 4541 enchiridion
664 4490 695 4541 da
713 4490 836 4545 caraune
855 4489 938 4543 Ml.
965 4489 1005 4541 Da
1021 4490 1123 4541 exeam.
1139 4489 1187 4543 lx.
1217 4492 1329 4554 Uzali·
