3184 5222
720 439 757 505 11

53 639 57 646 '
145 629 390 698 ecclesiasticas
413 630 585 723 institutas
609 647 684 694 esse
707 628 940 710 concedemus,
963 634 1075 694 tamen
1098 649 1172 694 cum
1188 628 1332 696 sciamus
1402 643 1404 647 ·

145 737 313 804 Christum
335 735 378 802 ab
396 737 489 800 ¹omni
510 734 597 798 falso
621 736 863 800 sectuariorum
886 733 962 797 odio
985 736 1166 800 recessisse
1181 734 1334 800 humani-

144 863 208 927 que
230 839 310 906 nihil
333 859 353 904 a
376 859 412 904 se
436 839 578 934 alienum
599 845 756 923 putasse3
787 838 898 902 verbis
928 836 994 902 illis
1016 837 1096 908 nihil
1118 837 1210 902 aliud
1231 859 1333 924 prae-

142 948 323 1030 figuratum
346 942 595 1010 essevolumus
619 941 931 1026 adumbratumque,
956 963 1055 1026 quam
1076 942 1177 1014 ,finem
1200 949 1234 1006 et
1255 963 1334 1006 sco-

143 1071 221 1134 pum
244 1048 595 1112 excommunicationis
609 1047 781 1128 omnisque
803 1065 931 1130 poenae
955 1044 1203 1110 ecclesiasticae
1225 1045 1335 1109 medi«
1403 1057 1406 1064 '

144 1151 283 1218 cinalcm
304 1147 431 1233 esse.*)
464 1147 599 1214 Etenim
623 1147 664 1214 de
687 1148 796 1212 salute
812 1154 846 1211 et
862 1149 1067 1212 correctione
1082 1147 1334 1232 publicanorum
1415 1211 1420 1221 ι

142 1263 176 1330 et
197 1253 416 1320 Ethnioorum
446 1249 617 1318 Christum
650 1253 844 1335 neutiquam
874 1250 1092 1335 desperasse,
1122 1257 1204 1334 quot
1233 1253 1334 1315 testi-

105 1398 110 1406 ·
141 1360 251 1424 munia
274 1365 307 1422 et
331 1354 486 1440 exempla
508 1353 668 1440 probant!
693 1389 733 1398 —-
758 1353 880 1418 Tribus
910 1356 1013 1438 igitur
1042 1343 1332 1436 admonitionibus,

142 1460 272 1528 duabus
290 1458 431 1545 ,quidem
453 1459 612 1544 privatis,
642 1460 877 1522 tertianorum
901 1460 1161 1542 congregatione
1186 1477 1333 1521 commu·
1378 1461 1379 1464 ’
1408 1511 1410 1516 .

141 1565 258 1646 niouis,
285 1584 347 1648 pro
370 1562 472 1625 nihilo
495 1560 629 1640 habitis,
654 1559 808 1626 Christus
833 1568 1047 1645 peccatorem
1068 1568 1229 1645 tanquam
1252 1581 1334 1626 con-

141 1677 306 1734 tumacem
351 1673 385 1731 et
428 1663 688 1749 incorrigibilem
732 1685 861 1748 poenae
907 1664 1157 1728 ecclesiasticae
1201 1663 1332 1728 vinculo

142 1769 410 1855 astringendum,
441 1788 581 1852 eamque
610 1788 753 1853 poenam
781 1753 1011 1832 medicinalem
1040 1787 1115 1832 esse
1141 1766 1222 1832 vult.
1268 1766 1334 1845 Qui

140 1896 220 1940 vero
243 1871 450 1960 procedendi
480 1871 597 1936 modus
627 1891 671 1934 ex
694 1869 923 1956 apostolorum
945 1873 1112 1936 sententia
1133 1873 1167 1934 in
1190 1871 1334 1936 ecclesia

141 1975 370 2044 observandus
394 1963 708 2058 sit,'celeberrimus
730 1979 795 2039 iste
819 1975 861 2039 de
884 1975 1062 2040 haereticis
1077 1975 1171 2040 locus
1187 1974 1333 2060 probare

139 2081 282 2147 videtur.
326 2079 461 2145 Etenim
491 2077 617 2143 Paulus
652 2081 680 2141 si
715 2077 909 2163 scribit*¹‘):
940 2069 1121 2162 »αἱρετικὸν
1151 2069 1333 2162 ἄνθρωπον

138 2176 218 2268 μετὰ
239 2184 318 2266 μίαν
339 2179 394 2245 καὶ
409 2178 566 2265 δευτέραν
581 2183 764 2246 νουθεσίαν
779 2181 959 2258 παραττοῦιί
983 2183 1160 2248 manifesto
1173 2183 1333 2247 admoni-

138 2292 236 2355 tionis
271 2289 385 2373 priora
418 2275 529 2350 st’adia
563 2285 726 2370 designat.
784 2285 883 2363 Quod
912 2294 1024 2350 autem
1056 2286 1184 2350 duabus
1209 2287 1332 2352 cohor-

139 2392 340 2474 tationibus,
370 2393 469 2455 tertio
500 2389 707 2474 procedendi
736 2393 874 2454 rationis
905 2390 1015 2454 stadio
1043 2390 1142 2475 plane
1165 2389 1332 2476 neglecto,

137 2498 302 2561 totumin
324 2494 529 2578 haereticum
551 2492 756 2578 procedendi
779 2492 912 2558 modum
935 2492 1080 2558 solutum
1103 2503 1178 2559 esse
1201 2493 1330 2579 statuit,

136 2602 256 2664 mirum
284 2597 391 2660 videri
421 2594 627 2680 potestffl)
681 2595 760 2678 Sed¹
779 2596 969 2662 haereticus
1000 2600 1063 2660 nisi
1094 2601 1234 2684 privatis
1265 2599 1330 2664 illis

137 2701 269 2766 duabus
308 2698 586 2764 admonitionibus
624 2707 796 2783 permotus
834 2703 1065 2785 perversitatis
1104 2704 1193 2765 viam
1229 2702 1332 2766 relin-

138 2811 237 2890 quat,
265 2802 427 2888 judicium
458 2808 549 2865 certe
580 2800 781 2866 christianae
795 2806 1045 2868 communionis
1080 2825 1181 2888 quam
1215 2805 1333 2870 deser-

136 2917 232 2972 turus
257 2913 326 2989 est,
361 2906 474 2989 magni
504 2903 764 2988 haudquaquam
787 2906 986 2970 aestimabit.
1032 2906 1257 2985 Quamobrem
1279 2912 1333 2973 in-

136 3011 245 3094 utilis,
275 3030 317 3074 ne
340 3009 449 3073 dicam
471 3009 676 3092 perniciosa,
711 3011 812 3071 tertia
835 3009 998 3075 ecelesiae
1020 3011 1200 3077 admonitio
1224 3015 1331 3078 Paulo

137 3135 304 3202 apparere
328 3112 458 3178 debuit,
496 3112 618 3175 Primis
641 3113 743 3196 igitur
767 3111 887 3176 seculis
910 3123 1129 3200 praeceptum
1144 3120 1253 3180 trinae
1270 3118 1333 3181 ad-

135 3220 344 3301 monitionis,
375 3215 429 3281 vel
459 3215 692 3280 admonitionis
723 3215 861 3297 saltem,
892 3218 1093 3301 generaliter
1124 3223 1158 3282 in
1181 3221 1331 3286 omnibus

135 3324 254 3411 poenis
286 3320 523 3385 ecclesiasticis
556 3319 731 3383 fundatum
762 3341 837 3384 esse
868 3329 1009 3385 constat.
1055 3321 1151 3399 Quae
1181 3345 1255 3386 cum
1284 3328 1333 3389 ita

136 3431 214 3511 sint,
253 3427 366 3489 mirari
395 3445 461 3489 non
491 3444 686 3508 possumus,
718 3423 808 3508 quod
838 3433 871 3488 et
901 3428 935 3488 in
965 3426 1191 3511 depositione,
1232 3413 1336 3513 quam

207 3581 235 3651 *J
254 3587 364 3635 Tantum
382 3590 466 3636 autem
484 3585 560 3645 abest,
579 3588 607 3632 ut
624 3584 654 3648 is,
673 3561 716 3646 qui
734 3559 878 3632 emendatus
889 3552 927 3647 sit,
947 3585 976 3646 ci,
996 3585 1132 3646 quinum
1146 3589 1184 3648 sit,
1197 3587 1332 3641 detrimen-

134 3675 193 3724 tum
211 3673 301 3722 dslicto
319 3673 415 3722 illatum
433 3685 483 3721 non
501 3671 596 3732 sarciat,
617 3675 643 3720 ut
663 3675 786 3734 quantum
802 3671 881 3735 possit
899 3671 1017 3722 damnum
1031 3674 1128 3735 expleat
1145 3677 1168 3723 et
1182 3681 1332 3740 compenset.

189 3772 236 3841 **)
255 3775 304 3828 ru.
320 3775 367 3826 111.
387 3778 428 3826 ιο.

66 3847 70 3856 .
171 3873 234 3944 m]
253 3876 363 3930 Avila:
388 3878 419 3927 ds
439 3877 549 3927 censuris
567 3877 651 3929 eccles.
682 3878 740 3928 Pars
758 3878 789 3928 11.
815 3880 914 3942 dirpi.
938 3881 996 3930 dub.
1009 3881 1058 3931 v11
1076 3895 1114 3945 sq.
1150 3883 1331 3936 Confirmantur

134 3967 196 4017 baec
214 3965 327 4028 exemplo
345 3964 417 4014 Nocti
434 3963 557 4027 baeretici,
576 3966 618 4026 qui
637 3978 703 4015 anno
722 3968 771 4015 245
789 3981 815 4029 p.
827 3968 854 4017 0.
872 3980 899 4019 n.
919 3967 1031 4017 docendo
1050 3968 1175 4019 ebriatum
1193 3975 1218 4019 et
1236 3974 1331 4034 patrem

135 4054 193 4113 ejus
209 4052 314 4104 saudan
336 4065 389 4102 sue
411 4063 553 4116 personum,
579 4066 696 4114 magnam
719 4053 798 4104 ciebat
821 4055 1042 4116 perturbationem.
1072 4057 1104 4106 al.
1122 4056 1227 4106 Mauri
1255 4056 1331 4110 (ione.

134 4139 166 4190 Τ.
185 4139 207 4191 Ι.
231 4151 256 4200 p.
267 4139 315 4188 789
326 4151 384 4200 ραι
404 4131 434 4186 οἷ
450 4129 632 4204 πρεσβύτεροι
650 4131 906 4205 προσκαλεσάμενοι
924 4129 1013 4190 αὐτὸν
1031 4130 1165 4205 ἐξήταζον
1183 4137 1248 4207 περὶ
1266 4134 1332 4193 τού·
1388 4155 1404 4182 ·-
1481 4203 1484 4210 ¹

134 4238 192 4274 των
210 4211 346 4276 ἁπάντων
427 4212 443 4274 ὁ
461 4215 492 4272 δὲ
511 4214 547 4273 τὰ
565 4221 663 4289 πρώτα
680 4218 732 4290 μὲν
757 4215 870 4291 ἠρνεῖτο
894 4216 941 4276 ἐστὶ
966 4222 1019 4292 τοῦ
1043 4224 1244 4293 πρεσβυτερίου
1263 4217 1330 4292 αἰγό-

133 4322 219 4373 μενος
292 4305 341 4358 καί
360 4299 400 4368 αἱς
419 4301 453 4360 ἐν
472 4301 617 4369 τούτοις
635 4303 761 4375 ἔμενεν
786 4302 905 4373 ἐξέωσαν
924 4301 1013 4362 αὐτὸν
1032 4310 1082 4378 τῆς
1101 4303 1248 4378 ἐκκλησίας
1267 4302 1330 4381 τίμα

134 4394 196 4452 τοῖς
215 4393 333 4453 λοιποῖς.
360 4398 391 4447 ct.
409 4397 617 4462 Hippolytus
636 4403 721 4448 contra
738 4399 854 4452 Nestum.
879 4413 905 4452 n.
926 4403 949 4450 1.
973 4397 1068 4466 (Opera
1092 4400 1132 4455 ed.
1151 4401 1219 4454 Joh.
1236 4414 1251 4456 a
1268 4403 1329 4454 Fa·
1427 4425 1431 4429 ·

134 4481 272 4536 bricius.
296 4485 480 4540 Hcmb.1716.
505 4484 554 4541 vol.
573 4483 606 4535 11.
629 4499 654 4549 p.
673 4481 714 4552 6.)
