3184 5222
821 401 883 481 ’24

264 612 443 678 monitione
466 609 652 696 praemissa
675 604 890 694 promulgare
906 601 1120 691 praesumat“
1134 641 1176 652 ν-
1188 603 1347 691 generale
1358 623 1459 690 prae-

265 722 398 801 ceptum
421 715 605 778 continere:
641 712 779 796 „nequis
809 711 859 773 in.
874 709 1017 794 aliquem
1041 729 1213 774 censuram
1236 709 1365 794 absque
1386 730 1459 774 mo-

264 821 388 883 nitione
404 815 618 902 promulgare
634 812 848 902 praesumat“
865 848 917 894 -—,
942 833 1007 898 quo
1028 811 1101 876 loco
1125 815 1195 876 sine
1218 813 1318 877 dubio
1341 834 1459 897 parurn

263 922 388 1002 refert,
417 939 495 984 num
520 918 628 1002 judex
658 916 921 1006 ecclesiasticus,
951 922 989 979 ut
1007 915 1132 1000 judea,
1160 937 1201 979 an
1221 916 1329 1000 judex
1352 917 1460 981 ecclo-

265 1025 439 1106 siasticus,
475 1029 512 1086 ut
535 1040 680 1106 persona
714 1021 857 1104 privata,
887 1021 1087 1082 sententiam
1117 1020 1215 1083 ferat.
1267 1017 1345 1084 Jam
1377 1040 1458 1084 vero

266 1128 436 1213 captiones
460 1124 650 1190 dialecticas
673 1123 734 1186 has
760 1142 852 1205 esse,
878 1121 1104 1208 distinguendi
1125 1123 1211 1210 inter
1230 1122 1376 1208 judicem
1398 1145 1459 1212 per

265 1229 398 1293 modum
417 1227 532 1312 judicii
555 1233 589 1292 et
611 1227 697 1290 inter
718 1225 862 1310 judicem
881 1225 1086 1310 judicantem
1108 1245 1169 1310 per
1192 1226 1326 1290 modum
1342 1226 1459 1291 defen-

265 1335 380 1418 sionis,
405 1334 477 1418 quis
502 1337 554 1396 est
576 1331 655 1416 quin
676 1328 884 1415 perspiciat?
914 1327 1049 1394 Etenim
1062 1330 1102 1411 ie,
1126 1331 1183 1413 qui
1199 1348 1340 1397 censura
1355 1332 1458 1394 utitur

263 1439 298 1500 in
321 1438 372 1500 sui
394 1435 632 1518 defensionem,
655 1452 824 1518 nunquam
841 1437 957 1518 potest
971 1434 1019 1496 ita
1036 1451 1161 1498 exuere
1183 1439 1389 1518 potestatem
1405 1434 1460 1498 vel

265 1546 376 1604 actum
405 1537 545 1622 judicis,
585 1538 664 1624 quin
699 1537 746 1599 eis
774 1541 907 1619 utatur;
942 1545 1101 1615 actumque
1130 1539 1360 1611 janseniano,
1385 1559 1459 1604 esse

267 1663 387 1708 omnem
410 1661 569 1704 censuram
591 1636 773 1722 constas)

353 1744 396 1810 II.
429 1742 558 1808 Eadem
580 1742 653 1808 fere
676 1741 817 1806 dicenda
847 1749 943 1808 erunt
967 1741 1008 1806 de
1031 1742 1241 1809 distinctione
1262 1746 1350 1808 inter
1368 1746 1459 1830 judi-

267 1869 337 1916 cem
354 1847 555 1913 ordinarium
573 1854 606 1910 et
623 1852 837 1910 executorem
852 1846 1081 1910 tantummodo
1095 1846 1350 1934 simplicem.“)
1373 1849 1460 1913 Nam

266 1949 409 2036 simplex
433 1956 603 2031 executor,
628 1950 679 2013 cui
702 1955 828 2020 certum
847 1950 1066 2017 ministerium
1089 1950 1197 2026 datur,
1224 1953 1355 2015 minime
1377 1974 1459 2037 prc-

265 2057 355 2124 fecto
378 2055 561 2118 ministerio
584 2051 641 2117 illo
664 2059 782 2118 contra
800 2053 885 2137 juris
900 2061 1083 2140 praecepta
1098 2054 1196 2139 fungi
1208 2054 1317 2119 debet.
1343 2052 1459 2134 Quod-

266 2163 295 2228 si
316 2158 364 2224 illi
385 2163 604 2244 praeceptum
627 2159 681 2239 sit,
707 2161 745 2220 ut
769 2155 922 2220 absolute
946 2163 980 2220 et
1001 2159 1072 2222 sine
1094 2157 1317 2222 admonitione
1339 2179 1460 2224 censu-

267 2283 338 2331 ram
366 2264 531 2348 imponat,
569 2259 658 2324 licite
688 2256 757 2324 tale
787 2259 980 2324 mandatum
1007 2263 1129 2345 exequi
1158 2263 1288 2346 nequit:
1325 2263 1388 2324 nisi
1418 2263 1460 2326 ad

267 2367 467 2433 sententiam
490 2362 665 2428 manifeste
688 2363 845 2447 injustam
872 2366 1046 2448 cooperari
1068 2363 1158 2428 velit.

351 2467 410 2534 HL
443 2466 609 2532 Attamen·
635 2487 709 2530 cum
739 2465 782 2529 ob
813 2465 954 2529 eandem
985 2487 1119 2530 causam
1149 2467 1256 2552 judex
1288 2488 1463 2534 censuram

265 2573 365 2653 ferat,
389 2570 432 2636 ob
456 2591 555 2656 quam
576 2591 596 2632 a
615 2570 692 2654 jure
711 2569 782 2653 jam
806 2588 948 2633 censura
968 2571 1044 2653 ipso
1066 2570 1158 2634 iacto
1181 2571 1381 2636 incurrenda
1396 2575 1461 2636 im-

265 2676 377 2762 posita
407 2676 467 2756 sit,
500 2672 635 2737 dubium
664 2673 785 2739 nemini
816 2691 890 2736 esse
921 2680 1052 2757 potest,
1083 2673 1306 2740 admonitione
1329 2678 1462 2742 minime

266 2798 349 2864 opus
374 2774 542 2860 esse.i**)
576 2775 645 2842 Sed
669 2797 805 2862 quaere,
829 2796 871 2840 an
893 2776 979 2840 haec
993 2797 1074 2841 vera
1091 2779 1135 2840 sit
1151 2779 1332 2864 exceptio?
1355 2778 1463 2848 Verbi

266 2883 377 2966 gratia
394 2901 482 2960 cum
511 2883 556 2963 is,
591 2881 648 2964 qui
676 2880 793 2945 literas
820 2900 841 2942 a
870 2901 962 2965 papa
993 2887 1070 2944 aute
1094 2883 1342 2947 coronationem
1365 2903 1461 2948 suam

178 3050 182 3053 ,
267 3004 445 3050 concessas
476 2986 737 3068 impugnaverit,
768 2983 912 3068 ideoque
943 2983 1165 3048 anathematis
1188 2985 1321 3048 vinculo
1343 2987 1463 3072 subja-

268 3093 353 3169 ceat,
363 3085 402 3171 i)
437 3109 457 3150 a
486 3085 599 3172 judice
633 3087 801 3152 ordinario
837 3089 1158 3172 excommunicetur,
1195 3087 1344 3154 ultimam
1372 3089 1462 3156 hanc

266 3210 440 3256 censuram
463 3190 506 3254 ab
529 3191 660 3254 homine
672 3189 786 3272 latam,
809 3189 1069 3276 declarationem
1083 3193 1206 3276 potius,
1225 3213 1325 3277 quam
1339 3214 1462 3258 novam

267 3293 466 3360 sententiam
489 3314 574 3376 esse,
599 3295 672 3378 quis
689 3300 751 3377 est,
775 3295 854 3378 quin
869 3293 1015 3358 viderit?
1045 3295 1332 3360 Praetereundum
1349 3303 1463 3362 autem

265 3417 332 3464 non
355 3416 431 3464 esse
454 3416 644 3480 censemus,
676 3394 833 3461 delictum
863 3396 931 3461 tale
953 3401 1119 3464 notorium
1143 3420 1219 3464 esse
1241 3399 1382 3485 debere,
1411 3404 1462 3465 ita

264 3505 303 3564 ut
333 3498 423 3563 nulla
453 3502 733 3584 tergiversatione
764 3500 865 3566 celari
896 3509 954 3566 aut
983 3505 1139 3568 excusari
1168 3505 1284 3587 possit.
1330 3502 1462 3580 Quodsi

267 3621 365 3685 „reus
393 3602 628 3687 poenituerit“,
669 3610 703 3668 et
732 3603 977 3672 absolutionem
1006 3628 1027 3668 a
1056 3626 1198 3672 censura
1226 3607 1462 3692 postulaverit,

265 3726 332 3772 non
355 3713 407 3772 est
430 3705 674 3786 denuntiandus
698 3707 760 3774 sed
781 3711 894 3794 potius
919 3708 1144 3777 absolvendus
1167 3731 1187 3774 a
1210 3730 1368 3794 censura,
1392 3733 1463 3796 qua

264 3811 436 3895 ipsojure
454 3812 525 3895 jam
548 3811 688 3878 affectus
713 3819 774 3878 est.

267 3971 271 3980 “
333 3939 366 4032 *)’
381 3967 515 4019 Surrez:
538 3967 609 4030 unp.
626 3967 670 4018 111
695 3969 762 4022 Stet.
780 3970 851 4023 vm.
869 3985 896 4023 n.
910 3973 936 4023 8.

316 4065 361 4133 ⁸²⁶)
379 4070 418 4118 Ex
436 4085 458 4122 e.
471 4073 513 4121 te.
533 4070 565 4118 Χ.
584 4071 622 4119 De
640 4074 682 4121 off.
702 4077 724 4120 1.
745 4075 785 4134 29,
805 4075 970 4135 ubidicitur,
991 4075 1137 4136 huJ'utmodl
1155 4077 1281 4126 executori
1300 4081 1393 4125 conum
1411 4078 1466 4126 mi-

265 4156 404 4216 nisterium,
423 4169 473 4205 non
489 4157 689 4217 jurlsdictioncm
707 4159 842 4223 committi,
861 4173 912 4210 non
930 4161 988 4210 licat
1006 4161 1101 4222 inferre,
1121 4167 1274 4211 executorem
1291 4175 1364 4226 poue
1383 4165 1465 4212 mini-

265 4245 369 4293 sterium
386 4257 461 4292 suum
478 4245 568 4305 exequi
586 4249 671 4292 contra
685 4248 736 4306 jus.
761 4246 950 4297 Suureziur·¹
969 4249 1040 4312 Dirp.
1055 4249 1097 4296 111.
1116 4249 1181 4298 Sect.
1200 4249 1230 4296 X.
1249 4262 1274 4298 u.
1288 4253 1311 4300 6.

299 4342 361 4412 ***J
378 4347 552 4399 Surreziua
571 4347 587 4400 l.
607 4362 628 4398 e.
646 4359 672 4400 n.
694 4351 734 4400 1³.

334 4447 366 4520 i)
387 4451 413 4507 0.
431 4456 456 4505 4.
475 4452 607 4518 littteras.
625 4455 650 4506 4.
670 4454 710 4508 10.
806 4491 808 4498 ,

1583 463 1585 582 l

1583 587 1585 734 l
