3184 5222
707 433 746 508 13

135 652 289 720 sponsum
320 627 471 698 obtinere
501 632 670 714 licuisset,
705 632 766 696 sed
796 653 896 695 unum
925 632 989 696 hue
1019 639 1148 696 tanturn
1171 655 1231 719 per
1255 651 1323 718 eos,

136 741 188 822 qui
217 741 309 801 missi
338 738 488 818 fueraut,
522 739 767 800 renunciasset:
807 736 892 800 Rem
914 737 1126 821 perpendam
1145 745 1195 820 et,
1226 740 1255 801 si
1276 741 1324 800 ita

134 844 238 906 visum
271 842 373 905 fuerit
407 839 526 922 adero!
567 838 651 902 Cum
679 842 781 924 igitur
812 841 966 924 sequenti
995 839 1050 903 die
1079 843 1113 902 in
1143 848 1261 904 sancta
1291 848 1324 904 et

134 963 252 1028 magna
276 943 435 1024 ecclesia,
460 965 546 1028 quae
570 943 760 1029 appellatur
782 943 892 1007 Maria
915 946 1201 1026 convenissemus,
1225 964 1325 1007 sanc-

135 1053 268 1130 tumque
293 1046 520 1131 evangelium,
552 1045 642 1131 quod
669 1050 778 1131 ipsum
803 1045 972 1110 Christum
994 1053 1206 1131 praesentem
1222 1044 1324 1110 nobis

135 1150 351 1231 monstrabat,
374 1151 408 1213 in
426 1149 547 1214 throno
563 1151 772 1234 propositum
792 1158 892 1232 esset,
916 1165 1068 1212 canonum
1082 1154 1185 1230 forma
1202 1160 1325 1230 servato

133 1261 200 1317 tres
230 1273 347 1318 rursus
380 1253 463 1318 alios
494 1255 722 1324 sanctissimos
753 1256 930 1338 episcopos
961 1253 1005 1318 ad
1033 1256 1142 1338 ipsum
1166 1255 1323 1332 misimus,

135 1367 282 1418 mouentes
304 1367 339 1416 ut
359 1367 484 1418 sauctae
505 1360 619 1435 synodo
639 1377 697 1418 scre
722 1362 850 1434 sisteret,
882 1378 1031 1441 suaeque
1062 1356 1233 1420 doctrinae
1263 1355 1325 1420 de-

133 1461 314 1524 fensionem
337 1460 514 1544 proferret.
559 1459 606 1524 At
629 1459 685 1524 ille
709 1460 817 1542 domo,
840 1463 873 1523 in
897 1481 963 1544 qua
985 1457 1230 1543 diversabatur,
1253 1460 1324 1523 fre-

134 1565 246 1648 quenti
268 1563 371 1628 milite
395 1561 665 1645 circumvallata,
688 1585 762 1626 cum
783 1561 892 1627 nullus
916 1569 1028 1628 tamen
1050 1583 1111 1647 per
1134 1562 1168 1626 id
1192 1570 1323 1646 tempus

133 1668 165 1731 in
187 1669 323 1736 civitate
346 1665 505 1730 tumultus
531 1674 630 1747 esset,
656 1669 742 1730 sicut
764 1675 836 1731 nec‘
850 1673 926 1730 aute
950 1687 1084 1751 quoque
1106 1666 1192 1730 ullus
1216 1668 1324 1730 exsti-

132 1777 229 1853 terat,
252 1791 293 1835 ne
309 1790 471 1854 responso
488 1769 622 1853 quidem
644 1769 776 1854 legatos
792 1777 927 1834 nostros
945 1769 1102 1854 dignatus
1119 1776 1178 1834 est.
1215 1769 1323 1833 Porro

135 1881 334 1938 autemeam
362 1877 499 1936 Oenones
526 1877 739 1950 praescribunt
769 1878 856 1934 tertio
886 1894 1002 1951 quoquc
1031 1885 1238 1934 contumacem
1268 1894 1324 1934 esse

134 1980 356 2040 adanoncudum
379 1978 488 2042 missis
511 1979 631 2040 iterum
655 1976 728 2046 aliis
752 1976 796 2040 ad
817 1976 908 2039 illum
932 1978 1116 2061 episcopie,
1148 1976 1266 2040 durum
1290 1983 1324 2040 et

134 2082 380 2165 immorigerum
403 2079 544 2144 eundem
565 2079 768 2162 invenimusf,
799 2100 942 2165 eosque,
973 2083 1029 2165 qui
1056 2081 1150 2144 missi
1167 2079 1210 2142 ad
1232 2078 1324 2142 illum

129 2184 273 2268 fuerant,
302 2182 406 2247 multa
438 2205 512 2276 cunr
539 2184 718 2268 ignominia
748 2185 980 2248 remittentem.
1003 2219 1044 2228 -
1077 2183 1187 2267 Hujus
1208 2185 1324 2266 itaque

130 2289 180 2352 rei
203 2309 305 2352 causa
327 2289 437 2372 ipsum
467 2286 601 2372 quidem
624 2308 644 2348 a
666 2286 855 2350 sacerdotio
878 2308 1128 2372 perversaeque
1152 2285 1325 2350 doctrinae

132 2390 293 2456 cathedra
316 2394 515 2455 removimus
540 2393 764 2474 canoniceque
783 2387 1150 2473 exauctoravimus.“t)
1165 2423 1205 2434 -—
1220 2387 1326 2454 Simili

131 2494 230 2560 modo
263 2501 297 2559 et
327 2495 500 2559 concilium
529 2493 803 2558 Chalcedonense
840 2492 1042 2557 Dioscurum
1077 2495 1207 2556 nonnisi
1237 2494 1325 2556 trina

131 2600 310 2663 monitione
333 2601 519 2684 praemissa
538 2620 647 2684 poena
663 2597 787 2678 affecit,
811 2599 936 2681 quippe
952 2597 1043 2681 quod
1059 2595 1190 2680 legibus
1215 2595 1325 2661 eccle-

130 2702 275 2766 siasticis
304 2705 495 2766 conveniret
506 2699 561 2784 cu)
593 2699 854 2786 Comprobatam
880 2721 961 2764 vero
992 2700 1093 2765 talem
1121 2699 1327 2785 procedendi

130 2807 296 2871 rationem
319 2809 419 2871 etiam
435 2828 455 2869 a
470 2811 641 2890 potestate
663 2803 817 2890 seculari,
841 2810 942 2888 atque
963 2802 1113 2888 adjutam
1128 2823 1203 2867 esse
1219 2801 1325 2866 Edic-

130 2916 202 2973 tum
226 2908 572 2994 quoddathctharii
593 2908 810 2993 Imperatoris
834 2907 987 2971 demonst
974 2914 1058 2970 tzrat
1071 2903 1188 2990 aas),
1192 2905 1324 2970 Placuit

129 3013 245 3097 nobis,
275 3021 312 3076 ut
337 3015 367 3077 si
388 3034 524 3098 prop
472 3033 524 3095 cup
517 3010 651 3075 uslibet
674 3010 779 3095 culpis
803 3017 838 3072 at
841 3031 905 3095 quc
929 3009 1118 3074 criminibus
1143 3029 1324 3095 quaecum-

131 3136 199 3201 que
220 3137 365 3201 persona
388 3118 488 3179 toties
511 3115 614 3179 fuerit
636 3124 783 3190 correpta,
807 3119 853 3175 ut
865 3115 965 3176 etiam
982 3115 1324 3178 excommunicatione

130 3219 317 3305 episcopali
351 3240 414 3304 pro
446 3223 637 3302 contemptu
616 3217 788 3300 udignus
827 3216 951 3280 habeat
937 3222 1009 3298 tur,
1044 3213 1195 3280 comitem
1230 3237 1325 3279 suum

131 3324 312 3408 episcopus
341 3322 406 3386 sibi
436 3322 606 3385 consociet
634 3331 661 3381 ct
679 3321 895 3398 pecccatorum
926 3340 1101 3382 consensum
1122 3323 1326 3394 hujuscemodi

130 3430 337 3505 dictitayarur
366 3435 567 3503 contemptor,
601 3430 638 3488 ut
665 3422 871 3507 jussionibus
902 3425 1051 3508 episcopi
1081 3423 1133 3486 sui
1163 3421 1324 3486 obediens

129 3530 269 3594 existat.
314 3527 351 3594 Si
372 3549 489 3593 verum
512 3548 686 3591 assensum
708 3547 774 3589 non
805 3525 936 3590 dederit
958 3526 1102 3590 bannum
1123 3524 1219 3588 nobis
1243 3545 1324 3608 per-

128 3632 252 3698 solvat.
276 3627 421 3711 'Quodsi
444 3632 554 3696 adhuc
577 3638 758 3694 contumax
780 3631 966 3714 perstiterit
989 3637 1068 3692 tunc
1090 3628 1133 3693 ab
1153 3627 1324 3712 Episcopo

128 3738 446 3801 excommunicetur.
491 3732 529 3800 Si
551 3754 632 3798 vero
656 3733 960 3796 excommunicatus
990 3734 1112 3816 corrigi
1126 3732 1325 3816 ‚nequiverit

128 3857 152 3904 a
185 3842 304 3905 comite
333 3839 473 3904 vinculis
504 3834 783 3922 constringatur.“
828 3834 1106 3919 Antiquissimum
1140 3842 1251 3898 autem
1282 3833 1325 3896 de

128 3941 358 4009 admonitione
379 3948 496 4008 nostra
516 3947 752 4034 praeceptum,
776 3938 866 4024 quod
887 3937 1068 4004 Gratianus
1091 3940 1219 4022 recepit
1231 3934 1281 4020 t),
1303 3957 1325 4001 a

250 4137 282 4186 cl.
300 4149 322 4185 c.
341 4137 366 4186 6.
391 4134 419 4184 (i
438 4137 480 4184 24.
549 4137 573 4182 3.

185 4132 788 4285 *tlnaru.11.p..ero.eqrri'inescaveris
810 4202 935 4267 ἐστικαὶ
954 4199 1105 4266 κανονικὸν
1124 4210 1172 4264 καὶ
1192 4203 1324 4288 decerpet

127 4293 222 4356 αυτὸν
243 4303 395 4371 κληθῆναι.

165 4387 229 4458 ***)
247 4390 354 4456 Parta,
379 4391 446 4443 Mon.
465 4390 509 4442 llI.
534 4407 559 4454 p.
578 4393 636 4442 248·

201 4474 232 4550 t)
250 4493 270 4532 c.
289 4482 315 4534 8.
338 4478 365 4532 O.
386 4482 425 4530 11.
453 4492 476 4543 q.
496 4481 519 4528 3.
