3184 5222
596 1425 868 1520 Protemium.

687 1756 787 1769 uuna-q

779 1781 781 1788 v

220 1956 304 2078 clus
318 2016 485 2081 criminale
504 2017 574 2101 jam
598 2015 688 2101 apud
712 2016 960 2110 antiquissimos
984 2017 1145 2102 populos,
1181 2025 1215 2082 et
1237 2020 1328 2104 apud
1384 2046 1387 2050 ·

136 2121 225 2203 ipsos
248 2117 428 2202 Romanos,
453 2139 526 2183 eam
544 2123 725 2206 praecipuo
745 2121 908 2183 rationem
923 2120 1082 2204 puniendi
1097 2129 1249 2184 secutum
1265 2130 1328 2204 est,

136 2229 181 2305 ut,
203 2221 292 2306 quod
316 2243 499 2307 corporeae
514 2223 682 2286 hominum
698 2230 839 2286 naturae
856 2243 1036 2286 consonum
1050 2226 1157 2307 magis
1173 2211 1328 2288 videatur

137 2345 219 2406 esse,
242 2327 365 2400 iraeet
382 2324 500 2389 ultioni
523 2326 641 2390 offensi
664 2323 862 2408 satisfiat.*)
907 2324 1026 2409 Longe
1048 2346 1129 2389 vero
1153 2325 1243 2390 aliud
1264 2327 1329 2391 fuit

133 2429 297 2511 ingenium
322 2427 493 2491 doctrinae
517 2427 739 2512 Christianae,
763 2449 851 2512 quae
869 2428 1001 2492 eumad
1018 2428 1328 2492 omnemhominum

133 2533 235 2593 vitam
259 2538 292 2593 et
315 2537 469 2593 naturam
492 2531 711 2594 ordinandam
733 2551 808 2595 sese
831 2535 999 2618 pertinere
1022 2532 1231 2616 profiteatur,
1258 2539 1329 2595 tum

132 2633 197 2696 hac
220 2654 353 2717 quoque
375 2635 409 2696 in
432 2633 608 2718 disciplina
637 2633 814 2719 plurimum
844 2634 977 2715 valens,
1009 2634 1155 2698 divinam
1184 2637 1328 2718 gratiam

131 2735 230 2821 perdi
258 2756 325 2798 non
354 2756 454 2820 posse
486 2739 635 2821 nequitia
669 2737 812 2800 humana
841 2737 986 2821 ideoque
1016 2737 1219 2821 puniendum
1250 2758 1326 2802 esse

130 2839 254 2921 voluit,
281 2846 319 2901 ut
348 2846 546 2925 peccatores
578 2841 793 2904 emendentur
824 2849 926 2925 atque
955 2843 989 2902 in
1019 2842 1180 2924 gremium
1209 2839 1327 2903 salutis

130 2942 283 3006 redeant.
326 2942 447 3027 Itaque
469 2945 584 3027 primis
608 2942 746 3025 seculiS,
771 2964 815 3006 ex
838 2964 904 3028 quo
929 2941 1055 3007 Christi
1078 2939 1326 3029 praeceptatt)

131 3065 263 3109 omnem
297 3047 506 3130 antiquitatis
540 3048 704 3109 rationem
736 3046 887 3110 funditus
921 3046 1173 3127 subverterent,
1212 3064 1325 3108 omnes

128 3168 261 3232 poenae
293 3147 541 3213 ecclesiastieae
572 3169 732 3213 censurae
764 3157 876 3232 erant3
915 3147 967 3233 (ut
989 3151 1210 3235 posteriorem
1231 3147 1328 3212 verbi

129 3252 408 3336 significationem
430 3251 601 3337 usurpem)
625 3273 754 3338 poenae
776 3255 928 3317 nimirum
951 3251 1176 3318 medicinales.
1184 3249 1260 3334 m)

201 3437 229 3506 *J
243 3444 273 3491 M
279 3445 305 3503 ej
314 3457 357 3491 er:
376 3444 414 3491 De
432 3443 573 3492 diversitate
591 3457 744 3492 summorum
756 3457 852 3507 poenae
864 3445 1044 3506 principiorum
1062 3448 1086 3492 et
1103 3445 1131 3492 in
1145 3447 1202 3505 jure
1213 3444 1326 3492 Romano

126 3533 154 3576 et
173 3530 241 3589 apud
261 3529 407 3577 Gratianum
432 3530 569 3580 obviorum.
595 3531 663 3581 Gerr.
680 3533 753 3578 1841.
778 3543 802 3591 p.
820 3533 851 3578 21
870 3545 924 3592 sqq.
961 3531 1053 3579 'samen
1072 3536 1096 3579 et
1113 3529 1188 3579 aliam
1205 3528 1327 3579 rationem

125 3614 304 3662 adumbratam
321 3627 373 3664 aare
391 3629 442 3663 nou
459 3616 559 3666 tnfltior.
584 3615 718 3677 Seneca,
737 3616 774 3663 De
792 3617 861 3668 clem.
881 3618 900 3668 1.
920 3631 941 3666 e.
961 3618 1004 3669 Ὦ.

183 3715 231 3784 **)
250 3719 343 3768 Math.
362 3720 392 3770 V.
411 3721 444 3768 38
463 3733 499 3781 eq.

163 3815 229 3884 ***)
250 3821 399 3869 Contrarium
418 3821 565 3870 sententiam
583 3821 694 3869 defendit
711 3823 739 3872 B.
757 3821 934 3883 Schiilingr
954 3823 1003 3871 Der
1021 3823 1206 3877 Kirchenbeun.
1223 3823 1326 3886 Leipzig

125 3907 208 3955 1859.
226 3921 284 3968 pag.
298 3909 354 3956 tro.
383 3907 431 3965 Qui
447 3911 500 3968 jam
519 3923 533 3955 a
552 3909 696 3956 canonibus
714 3909 888 3970 Apostolorum
907 3922 1012 3971 poenam
1036 3923 1102 3958 mere
1123 3911 1159 3958 eie
1177 3910 1268 3959 dictam
1285 3912 1327 3958 in·

121 3991 270 4040 troductam
288 4007 339 4040 esee
358 3993 425 4049 dicit,
446 4007 502 4040 cum
521 3996 603 4054 pateat
621 4007 651 4040 ex
661 3992 761 4042 canone
780 3997 820 4042 23.
843 3998 1124 4044 excommunicationem
1143 3999 1167 4044 et
1184 3998 1211 4044 in
1229 4000 1326 4046 certum

120 4083 231 4140 tempus
249 4080 380 4138 irrogatam
398 4092 458 4129 cere.
493 4082 609 4127 Attamen
628 4080 681 4127 vim
698 4080 830 4141 specialem
847 4095 941 4142 poenae
958 4082 1126 4131 vindieativee
1144 4095 1197 4132 non
1215 4095 1244 4133 eo
1263 4096 1324 4132 con-

119 4165 216 4212 eietere
233 4164 383 4223 invenimur,
403 4165 476 4212 utin
494 4167 587 4213 certum
606 4166 730 4227 quoddam
747 4171 847 4229 tempus
864 4168 996 4230 puniatur,
1021 4169 1063 4217 eed
1081 4173 1122 4230 ut,
1147 4182 1191 4232 epe
1209 4169 1325 4219 emende-

117 4250 205 4299 tionie
223 4262 267 4311 pro
286 4251 364 4300 nihilo
382 4251 627 4313 habite,*puniantur
645 4257 669 4300 et
686 4265 737 4300 non
756 4257 923 4304 contumaees.
943 4253 1072 4312 Quievero
1086 4258 1130 4316 eet,
1149 4255 1194 4316 qui
1204 4254 1266 4307 (ian.
1276 4257 1322 4305 28:

120 4337 246 4397 „Leicua
271 4338 313 4397 qui
332 4351 358 4386 ee
376 4337 459 4398 iprum
477 4339 603 4386 mutilavit
621 4353 662 4400 per
679 4342 727 4388 tres
745 4353 824 4389 annor
842 4355 857 4388 a
876 4342 1050 4390 commuuione
1069 4342 1176 4404 ejicitor,
1198 4345 1261 4403 puta
1279 4343 1324 4403 qui

116 4422 181 4486 ipae
200 4422 266 4470 ritae
284 4435 343 4470 eure
360 4425 431 4484 ponit
449 4422 567 4474 insidias“
588 4439 642 4472 eam
659 4426 779 4474 rationem
797 4427 877 4475 inesse
895 4425 1030 4488 sustineat,
1056 4432 1086 4475 ut
1105 4428 1135 4476 de
1153 4427 1325 4477 emendatione

117 4508 257 4558 criminosi
275 4523 374 4573 proreue
398 4509 555 4572 desperetur?
586 4511 729 4580 Quinimmo
755 4515 833 4564 tribue
857 4514 929 4564 ennio
953 4513 1042 4577 elapsis
1067 4514 1324 4576 contumaciameiut
