3184 5222
705 474 744 538 17

134 664 263 745 stiterit,
293 660 576 747 promulgentur.“
599 693 641 708 --
664 661 758 726 Talis
786 682 867 727 vero
891 661 1072 727 admonitio
1093 656 1320 729 universitatis
1382 687 1386 694 ·

134 767 382 850 congregationi
403 787 469 828 non
496 764 636 848 syndico
660 765 723 829 soli
744 764 901 830 facienda
924 769 996 829 erit.
1043 765 1118 843 Qua
1140 768 1174 828 in
1195 787 1233 830 re
1255 766 1323 830 dif-

132 867 259 930 ficultas
284 867 430 952 quadam
454 870 533 930 oriri
555 875 686 953 potest,
709 890 783 932 cum
805 869 1006 933 universitas
1033 872 1212 934 convenire·
1230 869 1322 933 nolit.

133 969 313 1035 Clementia
344 970 540 1056 disciplinae
564 971 814 1036 ecclesiasticae
842 991 982 1058 poscere
1013 980 1082 1036 turn
1104 972 1256 1053 videtur,
1284 978 1322 1034 ut

128 1073 232 1158 judex
255 1072 298 1136 ad
323 1071 506 1156 Syndicum
528 1095 603 1138 sese
634 1075 796 1157 conferat,
824 1095 981 1159 eumque,
1012 1082 1049 1138 ut
1073 1075 1221 1159 singulos
1246 1075 1322 1158 qui-

130 1177 332 1261 buscumque
355 1176 464 1240 modis
484 1176 668 1262 legalibus,
692 1186 874 1262 convocet,
897 1185 1005 1262 roget.
1051 1177 1180 1255 Quodsi
1202 1184 1236 1240 et
1258 1177 1322 1238 hac

131 1269 457 1344 ratione‘convenire
479 1279 601 1358 nolint,
634 1280 890 1344 admonitionem
914 1282 1064 1345 omnibus
1087 1282 1213 1343 factam
1236 1300 1321 1361 esse,

129 1381 208 1465 fingi
232 1381 341 1449 debet.
385 1383 438 1447 De
462 1384 581 1468 quibus
606 1383 757 1448 omnibus
784 1384 891 1448 fusius
913 1384 1082 1468 latiusque
1105 1381 1320 1468 Ugolinus

129 1483 200 1548 loco
225 1488 338 1550 citato.

686 1739 755 1833 Ill.

414 1959 562 2053 Quando
593 1963 736 2038 monitio
769 1959 958 2040 omittenda
989 1965 1042 2040 sit.

212 2158 413 2222 Accedimus
436 2158 480 2222 ad
503 2161 676 2222 materiam
702 2159 871 2222 difficilem
901 2166 1003 2244 atque
1032 2160 1217 2243 ingratam,
1247 2166 1317 2223 tum

129 2265 205 2348 quia
230 2262 404 2326 subtiliora
427 2262 593 2347 quaedam
617 2284 718 2348 quam
740 2283 821 2325 vera
845 2260 1071 2326 aCanonistis
1094 2262 1148 2325 hic
1171 2261 1319 2325 afferun-

127 2373 191 2446 tur,
215 2373 284 2428 tum
308 2367 386 2450 quia
410 2386 522 2429 omnes
547 2369 763 2450 exceptiones
787 2386 873 2450 quae
895 2364 1047 2450 regulam
1070 2363 1200 2452 Capitis
1216 2364 1248 2427 V
1264 2367 1318 2455 cit

125 2469 309 2548 infirmant,
341 2467 533 2552 discrepare
557 2489 576 2530 a
598 2470 740 2554 pristina
765 2465 891 2531 Christi
920 2470 1127 2532 institutione
1155 2467 1319 2531 videntur.

126 2569 260 2634 Etenim
292 2593 365 2634 curn
393 2573 486 2634 initio
519 2571 668 2634 omnibus
697 2573 730 2633 in
755 2573 872 2656 poenis
896 2570 1128 2635 admonitionis
1151 2590 1318 2656 praecep-

125 2680 196 2737 tum
222 2681 312 2738 esset
333 2674 527 2757 fundatum,
558 2682 679 2759 postea
707 2674 743 2737 id
772 2696 838 2738 non
860 2674 967 2738 solum
998 2673 1041 2736 ad
1069 2692 1227 2737 censuras
1259 2669 1318 2735 co-

123 2779 265 2860 arctari,
297 2776 357 2842 sed
388 2797 428 2841 ne
451 2780 484 2839 in
506 2775 582 2867 illis
599 2776 732 2862 quidem
755 2775 951 2862 plerumque
973 2776 1083 2841 locum
1105 2774 1230 2840 habere
1253 2795 1317 2838 vo-

119 2879 182 2943 luit
206 2880 380 2966 disciplina
404 2880 641 2944 ecclesiastica.

208 2982 233 3047 Ι.
267 2969 436 3070 Principio
459 2985 572 3067 igitur,
590 2983 670 3067 quid
693 3004 809 3049 censes
828 2984 869 3049 de
888 2984 1177 3068 argumentatione
1202 3002 1316 3046 eorum

121 3089 181 3174 qui
196 3086 453 3151 admonitionem
469 3089 694 3150 necessariam
708 3108 774 3150 non
794 3107 868 3152 esse
885 3086 1006 3170 dicant,
1021 3108 1094 3150 cum
1108 3083 1162 3150 vel
1178 3105 1315 3149 excom-

118 3189 311 3268 municatio,
334 3189 389 3252 vel
412 3191 605 3274 suspensi0,
631 3188 686 3253 vel
709 3189 923 3254 interdictum
944 3210 1005 3276 per
1027 3187 1162 3253 modum
1183 3208 1314 3274 poenae

119 3291 347 3357 vindicativae
369 3290 646 3377 imponantur?*)
1093 3367 1096 3372 Ι
1236 3281 1238 3284 ’

210 3393 309 3472 Quod
340 3395 637 3458 contradictionem
667 3375 844 3481 quandam·
858 3397 1028 3460 continere
1056 3403 1089 3460 et
1112 3394 1156 3458 ad
1177 3404 1315 3481 pertur-

117 3498 291 3564 bationem
319 3497 410 3566 illam
440 3505 517 3562 ante
546 3497 755 3563 tridecimum
784 3498 932 3563 seculum
961 3519 1161 3564 summorum
1183 3517 1314 3584 poenae

116 3604 359 3688 principiorum
383 3601 538 3688 'spectare
561 3601 712 3676 videtur,
742 3624 844 3688 quam
866 3625 939 3666 cum
968 3602 1143 3667 molestam
1165 3603 1314 3666 fortasse

113 3705 224 3791 judici
242 3707 335 3790 justo
359 3727 399 3769 ac
421 3727 557 3782 severe,
587 3714 657 3769 tum
688 3705 910 3770 seductricem
939 3727 1076 3792 prorsus
1108 3712 1210 3790 atque
1232 3701 1314 3790 per-

116 3811 283 3872 niciosam
321 3811 351 3874 ei
387 3809 491 3874 fuisse
534 3811 766 3895 exposuimuS,
805 3812 862 3896 qui
902 3811 1105 3873 inimicitiam
1144 3811 1312 3894 persequi,

118 3933 223 3998 quam
245 3919 337 3977 recte
357 3913 511 4002 judicare
533 3912 655 3978 mallet.
699 3913 825 3996 Nimia,
851 3911 1027 3995 mehercle,
1050 3912 1134 3976 haec
1156 3919 1208 3976 est
1231 3910 1313 3975 sub-

114 4017 237 4100 tilitas,
251 4016 483 4102 ·distinguendi
502 4020 589 4082 inter
610 4038 786 4098 censuras,
810 4037 897 4103 quae
918 4014 1104 4081 formaliter
1125 4017 1159 4078 in
1182 4016 1312 4080 ratione

116 4129 307 4203 censurae,
322 4122 475 4206 interque
499 4141 574 4203 eas,
598 4141 685 4206 quae
708 4122 805 4206 quasi
826 4141 956 4206 poenae
977 4119 1202 4184 vindicativae
1223 4121 1312 4187 irroe

114 4231 252 4310 gantur.
296 4223 365 4288 Aut
400 4227 484 4289 enim
516 4227 668 4310 punimus
703 4225 943 4291 emendationis
979 4245 1099 4308 causa,
1137 4242 1311 4289 censuram

191 4411 221 4482 ³³)
241 4417 419 4479 Ugolinus,
444 4420 492 4469 tab.
510 4418 527 4470 l.
553 4432 604 4482 cap.
626 4419 665 4470 ta
685 4420 709 4471 2.
747 4413 1118 4483 enimtestamento
1143 4417 1203 4470 Gan.
1226 4415 1310 4471 unv

110 4509 157 4559 iit.
178 4505 288 4556 XXXIX
306 4507 339 4556 30
358 4505 415 4557 dub.
435 4508 458 4560 l·
